2902 5016
278 461 308 509 2⁴
560 451 600 508 llll
618 450 833 518 euttosopfflut
851 458 1008 510 pennatis
1037 482 1039 488 ¹

276 595 312 651 et
333 610 351 644 «
372 579 418 651 ad
437 579 475 651 id
495 593 634 650 tantum
653 580 689 650 in
705 578 925 651 carminibus
945 579 1028 651 licta
1046 580 1228 659 alleariut
1243 606 1326 678 quae

274 728 359 775 vera
392 704 463 775 sint
497 703 719 775 manifestius
753 719 790 776 et
824 703 1048 800 splendidius
1079 705 1217 777 animis*
1241 705 1325 776 elu-

274 843 379 900 ceant
394 829 465 924 (1).
492 858 509 894 »

322 959 410 1042 Quae
438 953 567 1024 vellem
590 953 718 1025 melius
739 953 960 1025 meminisset
990 954 1046 1024 vir
1067 953 1236 1049 exquisiti
1267 953 1324 1025 in·

273 1069 387 1164 genii,
416 1092 484 1139 nec
507 1068 624 1164 patria
648 1082 792 1139 tantum
818 1067 1088 1158 laudeclarus,
1119 1068 1325 1141 Ludovicus

273 1193 457 1281 Racinius,
484 1192 548 1289 qui
569 1216 684 1290 quum
704 1192 948 1263 seu‘Gratiam
973 1191 1147 1287 (divinam
1167 1192 1322 1283 scilicet,

273 1334 345 1414 qua
367 1316 534 1388 homines
555 1315 601 1389 ad
623 1315 763 1387 bonum
788 1316 1042 1415 impelluntur,
1068 1316 1113 1388 de
1140 1342 1213 1413 qua
1235 1331 1324 1390 tunc

272 1446 446 1538 temporis
462 1441 557 1512 inter
573 1440 762 1536 theologos
779 1465 921 1544 summa
934 1455 1012 1511 erat
1026 1440 1242 1532 contentio),
1258 1467 1325 1515 seu

272 1564 494 1660 Religionem
510 1565 626 1662 ipsam
642 1563 863 1635 carminibus
878 1550 1072 1636 defendere
1091 1566 1321 1657 instituisset,

270 1688 513 1760 timidissimis⁴
535 1687 825 1760 excusationibus
848 1689 1077 1787 propositum
1106 1689 1200 1761 tueri
1228 1714 1325 1788 opus

271 1838 348 1885 esse
358 1814 499 1904 censuit
510 1815 576 1910 (2).
594 1811 695 1884 Unde
708 1827 844 1903 tamen,
856 1827 898 1883 ut
910 1813 1055 1911 opinor,
1068 1812 1115 1885 ad
1125 1837 1168 1884 ea
1180 1818 1323 1910 excogi-

274 1936 380 2009 tanda
395 1936 527 2008 ductus
540 1951 593 2009 est
610 1935 750 2033 quaede
763 1935 896 2024 verbis,
913 1961 988 2007 non
1006 1935 1128 2025 rebus,
1146 1935 1323 2033 lingendis

271 2062 396 2133 docuit
423 2062 498 2159 (3);
529 2086 604 2132 non
631 2060 898 2133 contemnenda
926 2060 1092 2157 quidem,
1120 2041 1184 2132 sed
1208 2062 1322 2136 verbo

270 2187 392 2284 potius
408 2210 633 2282 nova-quam
652 2211 705 2275 re,
728 2200 764 2256 et
784 2185 956 2257 doctrinae
978 2185 1089 2283 paulo
1106 2186 1317 2259 subtilioris

269 2315 413 2399 Quanto
437 2309 565 2381 melius
586 2335 656 2408 pro
678 2334 745 2379 suo
767 2309 849 2404 jure
869 2310 1113 2382 contendisset
1134 2310 1224 2383 adeo
1244 2337 1320 2383 non

268 2436 370 2533 poesi
388 2458 589 2532 repugnare
608 2458 755 2529 magnas
771 2457 831 2504 eas
846 2459 904 2505 res
920 2459 1012 2531 quas
1029 2450 1093 2507 aut
1111 2436 1236 2531 religio
1255 2453 1320 2509 aut

269 2557 503 2657 philosophia
520 2555 567 2629 ad
583 2558 927 2655 contemplationem
943 2575 1104 2630 nostram
1127 2563 1314 2658 proponit,

269 2697 311 2754 ut
331 2696 459 2753 contra
476 2705 560 2752 vera
581 2706 624 2753 ea
644 2707 687 2752 ac
707 2683 998 2781 praestantissima
1017 2684 1138 2782 poesis
1163 2683 1209 2754 sit
1234 2708 1316 2779 quae

268 2806 410 2879 animos
428 2820 573 2878 nostros
593 2805 640 2880 ad
662 2807 816 2878 maxima
834 2807 982 2900 evehat,
1007 2823 1044 2879 et
1062 2833 1082 2880 e
1098 2809 1253 2879 terrenis
1271 2807 1318 2879 ad

268 2930 389 3002 divina
406 2930 570 3003 conferat
586 2927 594 3000 l

300 3250 338 3319 (i)
374 3246 447 3304 Rien
462 3246 533 3304 n’est
546 3245 615 3304 beau
629 3262 683 3320 que
694 3249 719 3304 le
733 3248 801 3317 nai,
815 3249 841 3306 lc
852 3250 908 3306 vrai
921 3249 978 3306 seui
994 3257 1036 3327 est
1048 3248 1182 3322 aimable3

374 3334 396 3390 ll
408 3333 468 3391 doit
477 3333 576 3406 regnet
591 3342 707 3405 partout,
724 3343 753 3391 et
767 3334 858 3392 meme
873 3336 942 3393 dans
956 3337 980 3392 la
997 3337 1085 3407 lable3

371 3425 415 3479 De
427 3429 505 3479 toute
519 3421 616 3480 lintion
628 3421 752 3479 l’adroite
762 3423 881 3481 faumete'
895 3458 897 3463 »

373 3510 414 3564 Ne
426 3507 494 3565 tend
507 3507 569 3580 qu't
581 3507 647 3564 faire
660 3525 713 3565 anx
726 3525 798 3584 yeux
812 3511 906 3567 briiler
919 3511 944 3568 la
955 3511 1049 3569 ve'rite.

742 3588 852 3672 Epitre
866 3601 887 3657 ὰ
901 3600 1057 3676 Seiqneloy
1070 3607 1172 3672 (1675).

305 3725 347 3806 (2)
368 3724 492 3786 J’avoue
515 3723 606 3803 qu'en
625 3731 795 3799 renoncant
812 3742 871 3786 aux
889 3725 1018 3789 beantes
1040 3727 1198 3791 brillantes
1225 3729 1264 3790 de
1285 3729 1315 3791 la

267 3821 383 3897 fiction,
398 3820 419 3882 il
435 3821 502 3882 faut
512 3823 666 3900 peutetre
680 3840 827 3885 renoncer
839 3824 923 3885 aussi
937 3843 976 3885 au
992 3825 1062 3888 titre
1077 3825 1115 3888 de
1127 3833 1218 3906 poete
1232 3845 1314 3907 pour

266 3939 300 3984 se
314 3926 475 3984 contenter
488 3918 530 3980 du
545 3937 622 4000 rang
638 3920 677 3984 de
691 3919 911 3984 versificateur.
936 3922 1071 4004 (Preface
1088 3924 1129 3985 du
1149 3930 1261 4003 potine
1276 3926 1314 3989 de

267 4018 296 4080 la
310 4015 475 4096 Religion.)

306 4120 347 4197 (3)
369 4115 535 4178 Memoires
559 4115 599 4178 de
622 4114 814 4180 l’Academie
840 4116 896 4179 des
921 4116 1119 4201 inscriptions
1143 4126 1175 4185 et
1198 4120 1313 4186 belles-

266 4215 390 4294 lettres3
404 4231 475 4276 ane.
488 4215 576 4277 serie.
589 4216 626 4275 T.
638 4214 678 4276 Vl
695 4219 727 4277 et
740 4216 802 4277 ΧΠ.
