2902 5016
480 454 670 505 connlnouu
687 454 769 506 APUD
786 453 975 505 Lucanum.
1149 516 1151 520 .
1222 456 1251 503 ll

211 572 332 670 qualia
350 573 421 643 sint
432 573 632 671 inquirant,
650 587 686 644 et
706 598 749 644 ea
764 598 844 670 quae
858 597 982 644 sensus
996 571 1180 642 humanos
1200 571 1254 641 fu-

206 697 308 792 giunt
320 696 498 769 machinis
508 697 772 795 adipiscuntur,
787 699 812 769 ii
823 698 938 768 multa
947 697 1096 795 quidem
1110 696 1253 767 discunt

207 847 248 892 00
264 821 446 919 perutilia,
474 822 537 893 sed
554 824 674 921 poesis
694 824 843 894 omnino
862 822 966 918 (dum
981 823 1018 892 in
1034 822 1076 892 iis
1090 845 1253 892 commo-

205 947 349 1044 rantur)
370 948 549 1045 expertia,
571 974 652 1045 quae
668 947 832 1020 versibus
855 973 1035 1046 exponere
1054 971 1189 1018 vanum
1213 971 1254 1017 ac

205 1097 320 1171 prope
339 1071 532 1143 ridiculum
552 1089 656 1161 esset,
677 1072 745 1144 nisi
771 1074 800 1143 si
827 1074 921 1170 quis,
944 1075 1128 1143 memoriae
1146 1071 1253 1142 disci-

204 1194 378 1296 pulorum
394 1196 606 1293 adjuvandae
628 1221 748 1282 causa,
769 1181 835 1269 'res
858 1198 969 1269 siccas
984 1197 1143 1268 carmine
1160 1220 1253 1294 quo·
1292 1266 1295 1276 ,

206 1321 406 1417 quemodo
428 1320 577 1393 condito
601 1336 807 1413 connectat,
830 1322 955 1418 utqui
981 1321 1254 1418 grammaticam

205 1446 406 1542 quondam,
431 1461 495 1518 aut
519 1447 733 1547 principalia
757 1446 889 1543 linguae
908 1471 1030 1544 graecae
1056 1444 1249 1536 vocabula,

204 1571 249 1643 ad
269 1599 376 1644 usum
393 1573 602 1645 scholarum
618 1571 782 1644 versibus
799 1573 1016 1646 docuerunt.
1034 1579 1123 1662 Quae
1137 1597 1254 1644 resne

202 1722 353 1794 prorsus
378 1698 514 1769 inutilis
541 1698 587 1769 sit¹
614 1697 719 1770 valde
743 1697 868 1770 timeo.
901 1703 992 1769 Nam
1020 1698 1083 1796 qui
1116 1696 1253 1768 discere

203 1820 338 1906 volent,
357 1823 394 1892 in
414 1823 499 1918 ipsis
517 1822 712 1894 doctorum
731 1822 925 1894 hominum
944 1799 1123 1919 operibus*
1135 1821 1252 1893 soluta

204 1946 368 2017 oratione
404 1948 545 2046 scriptis
574 1946 778 2020 doctrinam
807 1961 986 2044 quaerent,
1019 1945 1082 2017 ubi
1113 1962 1252 2018 remota

204 2072 309 2142 metri
330 2072 541 2143 necessitate
564 2070 712 2144 liberior
733 2087 847 2171 patet,
875 2097 994 2169 neque
1017 2071 1099 2142 ullis
1121 2069 1251 2143 obscu-

206 2211 308 2266 ratur
335 2194 565 2293 ambagihus,
600 2212 636 2267 ct
662 2197 820 2294 propriis
847 2195 967 2267 verbis
997 2197 1132 2287 utitur,
1162 2196 1251 2267 dum

205 2335 335 2418 poeta,
373 2321 430 2392 vel
457 2322 581 2419 potius
611 2321 849 2410 versificator,
884 2320 984 2392 duris
1012 2346 1252 2392 numerorum

205 2444 359 2545 vinculis
377 2445 551 2538 irretitus,
574 2448 610 2517 in
628 2446 810 2544 plerisque
827 2444 973 2536 titubat,
995 2460 1032 2517 et
1049 2426 1252 2517 orationem

205 2568 433 2666 ultraquam
457 2572 542 2642 satis
563 2586 617 2643 est
637 2570 820 2669 producit,
845 2586 881 2642 ct
902 2569 1114 2642 difficultate
1133 2571 1253 2670 operis

206 2692 339 2764 sudans
356 2694 560 2766 infelicibus
577 2694 768 2766 conatibus
785 2695 964 2791 legentem
982 2694 1165 2791 defatigat.

253 2819 323 2890 Sed
345 2819 521 2891 humilem
545 2819 640 2892 hanc
666 2835 776 2916 atque
793 2819 1013 2911 inferiorem,
1040 2843 1251 2916 quanquam

204 2968 327 3015 veram
349 2960 385 3017 et
406 2944 663 3036 necessariam,
691 2944 932 3043 philosophiae
958 2959 1117 3042 partem,
1139 2944 1251 3016 altera

203 3069 335 3166 excipit
345 3093 426 3165 quae
439 3071 608 3140 universa
621 3069 847 3165 conjunctim
858 3070 1101 3168 potiusquam
1112 3070 1250 3167 singula

202 3195 396 3291 separatim
412 3193 692 3293 contemplatur,
710 3208 747 3265 ct
765 3219 891 3265 causas
913 3219 1037 3266 rerum
1064 3209 1099 3266 et
1121 3219 1249 3266 conse·

202 3318 365 3389 cotiones
379 3317 494 3410 videt,
513 3334 548 3391 et
565 3319 695 3391 similia
713 3334 919 3416 comparat,
941 3318 1120 3414 disjuncta
1138 3343 1250 3417 copu·
1332 3369 1334 3372 -

202 3441 266 3533 lat,
286 3457 476 3539 totamque
492 3458 660 3514 naturam
675 3444 942 3541 complectitur,
964 3442 1069 3538 cujus
1086 3469 1161 3514 non
1180 3443 1249 3515 ele·

202 3581 325 3637 menta
348 3581 489 3637 tantum
512 3591 554 3638 ac
577 3566 725 3657 formas,
750 3567 813 3638 sed
831 3567 926 3664 leges
948 3568 1183 3663 consequitur
1207 3593 1248 3639 ac

201 3693 394 3763 rationem.
413 3696 502 3779 Quae
516 3690 749 3790 philosophia
764 3691 949 3762 scientiam
962 3716 1084 3762 rerum
1102 3716 1176 3762 non
1191 3693 1247 3763 in·

201 3813 322 3900 choat,
337 3815 399 3887 sed
413 3815 566 3913 perficit.
586 3822 722 3914 Nempe
735 3815 922 3887 hominem
937 3841 1012 3886 non
1023 3815 1099 3911 jam
1115 3817 1153 3886 in
1167 3843 1248 3915 psy-

201 3936 367 4034 chologia
382 3939 507 4035 (quam
522 3939 649 4010 dicunt
662 3940 855 4036 nostrates)
874 3945 1016 4036 quaerit,
1034 3965 1100 4011 nec
1115 3940 1248 4036 quibus

200 4063 331 4133 mentis
357 4062 494 4135 viribus
523 4064 695 4163 praeditus
722 4065 766 4135 sit
793 4065 989 4163 separatim
1017 4066 1139 4160 agitat,
1169 4093 1248 4139 rem

198 4187 405 4282 perutilem,
421 4188 548 4273 fateor,
568 4214 609 4260 ac
623 4189 875 4278 necessariam,
890 4189 927 4258 iu
944 4213 1017 4286 qua
1032 4204 1153 4262 tamen
1166 4192 1248 4290 plus
