2902 5016
409 485 599 538 countuonn
616 485 697 538 APUD
715 476 906 539 sunamitin.
970 487 973 492 ’
1149 490 1177 539 tt

131 612 238 710 (tanti
260 625 378 710 poetae
401 635 492 708 pace
515 609 681 704 dixerim)
696 632 807 706 quarn
824 632 917 707 saepe
939 609 975 679 in
998 610 1177 707 sequenti

139 736 208 808 bus
222 760 346 831 gruem
360 732 546 806 audimus!

188 865 271 933 Mox
301 860 399 931 enim
433 858 539 930 docet
571 859 746 956 Epicurus
778 872 874 954 κοῦφα
894 856 971 928 εἶναι
994 861 1035 928 τὰ
1054 855 1180 948 εἴδωλα,

142 989 168 1056 εἰ
187 983 223 1056 δὲ
246 983 494 1082 ὺπερὲαλλόντως
513 999 624 1079 κοῦφα,
652 978 760 1068 δῆλον,
789 992 827 1064 ὡς
850 987 903 1053 καὶ
934 982 1182 1080 auspicandum

135 1121 247 1208 ταχεῖα
261 1111 343 1179 κατὰ
360 1118 417 1188 τὴν
438 1113 530 1204 φοράν
543 1108 609 1205 (1).
632 1107 803 1204 Sequitur
819 1109 1006 1180 Lucretius
1028 1134 1035 1177 :

247 1302 385 1374 Principio
401 1317 520 1376 persaepe
534 1301 600 1359 iovis
612 1317 656 1358 res
670 1310 753 1375 atque
766 1301 878 1358 minutis

249 1391 417 1465 Corporibus
431 1391 514 1448 iactas
525 1390 622 1450 celeris
633 1391 696 1449 licet
709 1406 769 1447 esse
782 1389 884 1448 videre.

246 1571 306 1641 Qua
320 1578 432 1642 propter
443 1569 590 1626 simulacra
607 1567 664 1641 pari
677 1568 783 1625 ratione
796 1583 908 1626 necesso
917 1577 959 1626 est

246 1660 470 1717 immemorabile
485 1675 535 1732 per
545 1659 666 1732 spatium
678 1667 866 1716 transcurrere
879 1675 959 1732 posse

246 1748 389 1822 Temporis
403 1749 432 1805 in
447 1757 549 1822 puncto
564 1751 612 1819 (a).

142 1916 231 1999 Quae
260 1934 330 2000 res,
358 1910 421 2006 qui
448 1935 572 1980 versus
590 1909 735 2005 magisa
757 1908 859 2006 poesi
875 1906 1120 1980 abhorreant?
1141 1915 1189 1980 Ac

145 2035 264 2107 multo
278 2034 384 2133 plura
403 2033 566 2131 ejusdem
584 2036 724 2131 generis
739 2033 868 2105 afferre
882 2032 1016 2132 possim
1032 2034 1100 2104 nisi
1114 2033 1190 2130 jam

145 2186 204 2233 me
224 2159 423 2232 deterreret
453 2160 596 2232 satietas
628 2173 664 2230 et
691 2158 888 2230 fastidium.
912 2162 1032 2228 Unum
1058 2158 1189 2230 addam

145 2311 221 2384 quo
255 2284 479 2357 manifestius
520 2282 834 2382 deprehendamus
867 2282 1076 2354 Lucretium
1112 2298 1191 2354 tum

145 2401 356 2482 dociliorem
388 2410 547 2507 magistri
588 2409 805 2508 discipulum
837 2408 969 2498 fuisse,
1005 2424 1085 2480 turn
1117 2435 1190 2482 non

147 2537 233 2607 satis
264 2537 458 2607 versavisse
478 2534 567 2632 quid
590 2533 770 2622 admittat,
789 2533 879 2631 quid
896 2549 1042 2634 respuat
1060 2535 1190 2633 poesis.

149 2666 286 2759 Nempe
302 2661 338 2732 iu
356 2659 545 2732 notissimo
560 2660 648 2730 sexti
664 2658 749 2730 libri
767 2659 850 2730 loco
871 2659 929 2730 his
948 2658 1066 2732 verbis
1086 2661 1192 2758 pesti-

148 2785 297 2857 lentiam
335 2810 482 2856 omnem
506 2808 549 2854 ex
579 2783 670 2854 aeris
694 2782 921 2854 inclementia
956 2784 1043 2856 oriri
1075 2784 1193 2869 docet,

148 2909 246 2981 unde
269 2909 314 2980 ad
334 2908 607 2981 celeberrimam
625 2908 872 2979 narrationem
888 2933 999 3005 quarn
1014 2934 1036 2981 a
1054 2909 1194 3006 Thucy·

151 3033 235 3105 dide
255 3048 443 3105 mutuatur
459 3033 607 3105 accedat
627 3059 634 3101 :

256 3208 375 3267 Proinde
388 3208 436 3267 ubi
451 3225 480 3266 se
493 3209 594 3266 coetum
607 3207 682 3282 quod
694 3208 775 3266 nobis
787 3208 858 3267 forte
872 3209 993 3268 alienum

257 3300 420 3357 Commouet
433 3308 514 3372 atque
528 3314 575 3355 aer
588 3298 713 3355 inimicus
725 3314 834 3371 serpere
848 3300 941 3372 eoepit,

257 3392 299 3446 Ut
311 3388 410 3445 nebula
423 3405 457 3446 ac
473 3389 560 3445 nubes
575 3389 707 3461 paulatim
720 3389 793 3460 repit
805 3397 834 3446 et
845 3404 927 3446 omne

259 3479 320 3549 Qua
335 3475 457 3550 graditur
471 3476 617 3533 conturbat
630 3484 659 3532 et
673 3476 821 3533 immutare
836 3485 952 3547 mactat,

258 3565 304 3621 Fit
317 3579 425 3639 quoque
439 3573 481 3633 ut,
493 3565 523 3620 in
532 3572 660 3621 nostrum
673 3579 739 3620 cum
749 3565 825 3621 venit
836 3564 955 3638 denique
968 3565 1081 3634 coelum,

260 3657 425 3726 Corrumpat
440 3652 589 3727 reddatque
604 3651 647 3710 sui
663 3653 752 3710 simile
765 3662 846 3728 atque
861 3655 982 3712 alienum
993 3661 1039 3726 (³).

195 3864 237 3944 (1)
259 3863 383 3944 Epicuri
402 3865 469 3945 Περὶ
484 3864 613 3938 Φύσεως,
627 3863 681 3926 lib.
696 3865 737 3942 11,
758 3865 816 3927 col.
831 3868 859 3927 2.

196 3963 236 4039 (2)
258 3963 391 4033 Lucret.‚
405 3962 457 4037 lV,
474 3965 532 4024 183
544 3980 629 4042 seqq.
648 3961 807 4043 (Lachm.).

199 4056 236 4141 (3)
259 4060 393 4135 Lucret,
410 4060 466 4134 VI,
491 4061 568 4122 1119
583 4077 667 4141 seqq.
692 4061 726 4120 In
746 4061 846 4142 primo
859 4079 950 4124 versu
972 4062 1048 4124 mira
1061 4054 1217 4124 lectionis

157 4154 287 4216 varietas
312 4161 445 4217 notatur.
465 4157 615 4218 Manuser.
647 4155 740 4218 Nobis
768 4159 845 4236 sorte
872 4160 1027 4232 aetenum
1049 4163 1203 4222 corrector

158 4250 284 4332 oblongi
299 4253 453 4326 ottanum
467 4257 622 4316 oorrector
636 4253 775 4334 quadrati
789 4257 836 4316 vot
849 4273 1019 4331 vencnum,
1035 4256 1119 4336 quod
1135 4273 1204 4335 par-
