2902 5016
481 453 673 506 connutotttt
690 454 772 505 APUD
789 451 980 504 tumtttutt.
1220 452 1252 501 tt

208 602 311 674 agere
333 576 416 673 jure
439 576 606 649 videatur
625 575 691 672 (l).
718 579 758 646 In
781 572 914 672 quibus
937 597 1053 670 quum
1077 571 1115 642 id
1138 596 1253 644 unum

207 726 368 799 quaeram
401 700 462 798 (ne
485 724 505 771 a
537 699 727 799 proposito
744 696 951 794 declinem),
972 694 1105 794 quibus
1124 694 1253 767 condi·

208 825 366 898 tionibus
392 824 627 924 philosophia
652 823 787 919 justam
809 822 997 894 materiem
1015 819 1118 918 poesi
1139 819 1254 917 possit

207 950 381 1048 praebere,
404 950 488 1021 licet
521 963 558 1020 et
589 974 671 1046 quae
689 948 780 1020 adeo
798 948 941 1045 poetica
960 927 1089 1017 diderit
1114 943 1160 1016 de
1183 943 1253 1016 ho·

207 1075 346 1146 minum
360 1073 515 1162 miseria,
532 1073 577 1144 de
592 1072 760 1144 felicitate
775 1070 958 1168 sapientis,
977 1068 1022 1140 de
1036 1066 1170 1140 amoris
1185 1090 1249 1164 pe·

205 1199 328 1269 riculis
348 1212 458 1295 atque
476 1195 684 1293 angoribus,
705 1195 750 1267 de
768 1194 937 1266 humanae
967 1191 1147 1265 societatis
1178 1191 1252 1263 ori·

205 1322 298 1418 gine,
315 1321 360 1392 de
379 1321 509 1393 artium
530 1322 749 1408 inventione,
767 1344 809 1391 ea
823 1316 1065 1417 philosophus
1085 1341 1154 1414 pro
1169 1315 1252 1410 jure

206 1469 271 1517 suo
297 1444 365 1516 sibi
389 1445 503 1543 possit
529 1444 728 1532 vindicare,
766 1442 812 1514 ad
839 1442 908 1513 alia
935 1441 1164 1539 potissimum
1194 1464 1253 1512 me

205 1569 402 1660 conferam,
422 1594 503 1667 quae
518 1568 681 1649 scholam
698 1567 811 1664 magis
828 1564 993 1638 redolere
1008 1579 1045 1637 et
1063 1589 1083 1635 a
1101 1564 1253 1664 poeticis

206 1693 428 1765 ornamentis
452 1698 565 1788 magis
585 1693 701 1764 aliena
717 1716 793 1763 esse
814 1691 944 1762 merito
961 1687 1103 1765 dixeris
1122 1691 1209 1775 Quae
1224 1687 1254 1757 si

205 1845 333 1889 musaeo
349 1818 464 1909 melle,
485 1833 527 1890 ut
547 1819 623 1915 ipsc
642 1818 731 1889 dixit
747 1831 883 1904 noster,
906 1817 1104 1914 contingere
1121 1829 1252 1912 potue-

204 1945 264 2034 rit,
281 1943 359 2039 jam
378 1941 627 2019 confitendum
650 1943 718 2018 erit
740 1966 815 2014 non
839 1954 1104 2036 argumentum,
1121 1937 1183 2014 sed
1196 1938 1252 2011 in·

203 2068 361 2163 genium,
384 2081 421 2139 et
440 2081 600 2139 mentem
620 2066 854 2156 diviniorem,
872 2080 909 2137 et
930 2063 1252 2143 inflammationem

204 2192 424 2278 animorum,
451 2206 488 2276 et
511 2191 568 2288 (ut
591 2192 756 2266 Tulliano
785 2189 897 2268 verbo
927 2189 1024 2288 utar)
1055 2187 1252 2286 quemdam

204 2315 366 2392 afflatum
388 2317 493 2417 quasi
508 2315 642 2389 furoris
657 2331 784 2422 poetas
800 2315 931 2387 facere.

253 2442 393 2518 Etenim
411 2443 449 2519 in
468 2441 569 2512 omni
591 2441 735 2539 Epicuri
757 2438 991 2546 philosophia
1016 2437 1251 2546 quidobscu-

203 2565 291 2648 rius,
316 2564 407 2662 quid
430 2562 598 2637 subtilius
622 2589 665 2639 ea
690 2563 735 2636 de
759 2563 889 2656 atomis
909 2563 1076 2635 doctrina
1096 2588 1208 2661 quam
1231 2587 1251 2633 a

204 2689 412 2761 Democrito
431 2704 619 2787 acceptam
643 2689 811 2763 Lucretio
837 2687 1012 2765 tradidit?
1044 2692 1163 2776 Quam
1191 2686 1252 2759 hic

203 2813 384 2902 tamenin
404 2813 563 2891 seeundo
581 2812 759 2919 poematis
783 2811 878 2884 libro
893 2836 1052 2910 persaepe
1076 2812 1168 2884 adeo
1199 2812 1252 2882 vi·

202 2936 294 3008 vidis
312 2962 354 3008 ac
371 2938 477 3008 claris
492 2936 676 3009 coloribus
700 2935 875 3035 depingit,
906 2952 981 3008 tam
1010 2937 1152 3037 poetica
1168 2937 1250 3008 luce

201 3061 395 3145 illuminat,
412 3061 505 3133 utin
524 3086 566 3133 ea
579 3061 681 3133 nullo
697 3075 804 3165 pacto
823 3059 918 3133 hanc
938 3059 1250 3158 pulchritudinem

202 3184 448 3282 desideremus
481 3211 593 3289 quarn
629 3199 772 3265 constat
804 3185 992 3293 propriam
1025 3184 1144 3290 poesis
1172 3209 1249 3257 esse

201 3308 359 3388 laudem.
380 3315 545 3409 Namque
560 3335 676 3416 quum
695 3308 900 3389 fidelissime
919 3333 961 3381 ac
982 3307 1250 3405 diligentissime

201 3432 361 3528 magistri
373 3447 580 3513 commenta
589 3448 759 3531 exponat,
777 3433 821 3509 iis
839 3448 961 3505 tamen
982 3431 1247 3522 similitudines,

201 3557 477 3654 descriptiones,
510 3556 668 3628 ἐπεισόδια
695 3557 797 3654 (quae
827 3555 974 3653 dicunt)
1005 3556 1248 3644 intermiscet,

200 3678 335 3777 quihus
365 3695 493 3751 ornata
523 3695 634 3777 atque
663 3681 841 3753 illustrata
865 3705 966 3779 paene
997 3705 1143 3752 omnem
1171 3680 1250 3750 tris·

200 3805 302 3876 tioris
329 3803 524 3902 disciplinae
551 3803 780 3900 jejunitatem
807 3829 849 3875 ac
874 3805 1071 3897 siccitatem
1100 3818 1245 3886 eruant.

241 4031 282 4111 (t)
305 4032 346 4090 De
364 4027 476 4110 quibus
491 4029 570 4091 inter
582 4030 807 4093 recentissimos
820 4030 968 4111 imprimis
983 4028 1068 4109 digni
1085 4029 1249 4109 quilegan·

200 4133 249 4188 tur
261 4127 293 4189 C.
305 4127 422 4188 Martha
438 4127 545 4208 (aevae
555 4128 605 4188 des
618 4130 709 4189 Deua
716 4127 852 4202 Mendes,
866 4145 949 4190 mars
959 4131 1060 4206 1862),
1071 4133 1104 4188 et
1112 4129 1248 4190 Prevost·

198 4223 327 4286 Paradol
341 4222 519 4306 (Noaveaaoe
530 4229 622 4286 essats
632 4227 668 4287 de
675 4228 821 4306 potitique
829 4233 860 4291 et
872 4229 910 4290 de
923 4229 1147 4307 lituratum.
1163 4229 1245 4306 tra).
