2902 5016
197 455 228 502 ⁴8
494 447 534 498 DE
552 445 766 499 Pflttosortflcl
785 444 939 496 Puuuttts

196 567 468 666 intelligendum
487 593 529 639 ao
550 568 762 640 discendum
783 592 895 665 quarn
917 566 1241 666 contemplandum

198 709 307 792 atque
329 692 601 782 admirandum,
618 693 680 764 sed
694 693 752 762 his
771 693 881 764 initiis
902 691 1063 782 inducta,
1088 691 1178 790 quid
1197 691 1244 761 sit

197 818 331 904 homo,
362 817 459 889 unde
488 818 628 908 veniat,
662 816 752 913 quid
785 815 905 887 bisin
934 816 1037 887 terris
1064 814 1246 910 agendum

198 942 345 1033 babeat,
363 941 423 1013 cui
439 942 513 1014 sato
528 956 733 1013 reservetur
748 941 957 1037 interrogat.
980 944 1052 1011 Nec
1067 939 1134 1011 Dei
1150 942 1246 1010 noti·

200 1067 289 1141 tiam
308 1065 569 1140 subtilitatibus
589 1081 732 1138 tantum
749 1065 1003 1164 metaphysica
1020 1081 1082 1137 aut
1100 1065 1247 1136 ontolo·

201 1195 264 1291 giae
297 1193 418 1290 (liceat
446 1193 567 1291 graecis
592 1191 802 1264 nominibus
829 1193 883 1264 uti
912 1216 992 1289 quae
1019 1191 1095 1287 jam
1121 1215 1251 1263 omnes

202 1317 393 1416 usurpant)
421 1317 571 1416 adipisci
598 1317 767 1410 enititur,
798 1317 862 1390 sed
892 1342 1003 1414 quam
1029 1318 1075 1389 sit
1095 1331 1246 1414 potens,

203 1468 314 1541 quam
335 1441 455 1514 bonus
470 1443 640 1538 inquirit3
661 1467 750 1513 num
768 1443 894 1515 mundi
911 1456 1039 1515 auctor
1057 1455 1094 1513 et
1107 1455 1253 1512 creator

204 1568 268 1659 sit3
284 1583 409 1639 utrum
430 1566 598 1638 homines
611 1582 708 1639 amet
725 1592 767 1638 ac
786 1582 902 1660 curet,
923 1593 969 1639 an
987 1581 1125 1652 contra,
1141 1580 1183 1636 ut
1198 1564 1249 1636 dii

205 1695 487 1792 Epicureorum,
515 1718 678 1764 securum
702 1719 807 1790 agere
832 1719 942 1764 eevum
966 1706 1160 1764 contentus
1181 1693 1250 1782 sit,

205 1835 376 1917 recteque
389 1817 483 1890 Dido
501 1819 674 1890 exclamet
688 1846 696 1889 ε

313 2031 424 2088 Scilicet
439 2032 484 2089 hie
497 2033 601 2106 superis
614 2032 691 2089 labor
702 2040 755 2103 est,
770 2047 801 2088 ea
813 2047 878 2089 eure
891 2031 1000 2105 quietos

314 2117 464 2176 Sollicitetl

209 2316 282 2404 Qui
302 2341 427 2388 versus
451 2342 519 2388 nos
542 2316 588 2388 ad
611 2316 840 2415 propositum
858 2315 1057 2404 reducunt,
1083 2313 1173 2385 dum
1191 2336 1259 2411 per

210 2465 247 2511 se
267 2439 463 2511 admonent
492 2466 572 2512 eam
596 2440 762 2512 altiorem
789 2465 831 2511 ac
858 2439 1075 2511 nobiliorem
1097 2435 1259 2536 philoso-

210 2563 336 2663 phiam
354 2589 428 2636 non
444 2564 521 2660 jam
536 2567 638 2664 poesi
655 2566 821 2670 infestam
838 2581 948 2663 atque
966 2563 1149 2635 inimicam
1163 2586 1256 2651 esse,

211 2688 274 2760 sed
292 2689 429 2788 optime
447 2715 533 2760 curn
552 2715 595 2762 ea
612 2716 810 2789 congruere
829 2716 871 2762 ac
890 2689 1102 2762 consociari.

261 2819 301 2885 lu
320 2815 650 2912 quoquaestionum
668 2842 709 2887 ae
730 2812 1009 2888 meditationum
1031 2837 1159 2911 genere
1173 2837 1259 2883 cum

213 2941 441 3038 potissimum
456 2957 662 3014 versaretur
680 2939 824 3013 divinus
841 2940 901 3012 ille
920 2941 1033 3032 Plato,
1051 2963 1126 3010 non
1140 2937 1260 3008 solum

214 3063 260 3135 ad
289 3066 509 3158 oratorium,
543 3066 605 3138 sed
629 3081 665 3139 et
689 3091 804 3165 prope
834 3066 881 3137 ad
905 3062 1099 3162 poeticum'
1116 3061 1262 3134 dicendi

215 3213 327 3284 genus
343 3215 417 3262 sese
429 3192 557 3283 evexit,
573 3217 646 3263 non
661 3207 735 3263 tam
750 3190 912 3276 consilio,
932 3203 972 3259 ut
987 3188 1129 3285 opinor,
1148 3209 1260 3281 quam

215 3314 345 3386 mentis
364 3330 473 3412 atque
485 3315 617 3412 ingenii
629 3316 813 3404 instinctu,
829 3329 864 3385 et
879 3336 1001 3384 rerum
1015 3307 1262 3405 magnitudine

216 3463 258 3509 ac
270 3438 542 3536 pulchritudine
556 3467 646 3538 quas
662 3438 865 3513 enarrabat.
889 3436 991 3508 Unde
1009 3462 1030 3508 a
1047 3434 1171 3506 multis
1185 3457 1261 3504 non

216 3563 336 3634 minor
352 3579 460 3661 poeta
478 3590 590 3663 quam
601 3564 843 3663 philosophus
859 3562 1097 3635 existimatur.
1114 3563 1262 3630 Necnon

217 3689 347 3760 Fenelo
379 3704 519 3780 noster,
554 3690 795 3791 philosophus
828 3689 970 3784 ingenio
996 3683 1264 3785 prudentiaque

216 3813 464 3903 acutissimus,
496 3816 541 3888 de
566 3820 643 3890 Deo
667 3838 760 3911 saepe
787 3815 837 3885 ita
862 3826 993 3886 tractat
1017 3825 1060 3882 ut
1084 3808 1264 3906 hymnum

217 3962 346 4010 canere
364 3939 542 4013 videatur.
1101 3926 1104 3930 ’

266 4067 349 4134 Haec
369 4065 499 4137 vellem
517 4065 646 4136 melius
667 4063 814 4137 vidisset
836 4063 1037 4152 Lucretius,
1063 4084 1130 4133 nec
1149 4059 1265 4132 multa

213 4210 299 4282 ¹quae
322 4188 421 4287 apud
443 4191 640 4288 Epicurum
658 4186 864 4263 inveniebat
885 4188 996 4259 nimia
1018 4184 1208 4258 sedulitate
1227 4183 1265 4254 in
