2902 5016
478 440 667 492 conntrtoltu
684 439 766 493 APUD
783 440 970 493 tucnnrtuu.
1212 440 1244 491 ta

198 586 265 660 pro
281 586 347 632 suo
367 585 470 634 more
488 576 681 659 quaereret,
700 559 827 632 vidisse
843 562 917 656 jain
945 585 1039 658 opus
1061 559 1197 630 factum
1215 559 1245 629 si

199 711 220 758 e
234 687 355 784 priore
370 686 452 757 loco
469 687 722 756 mutuaretur?
745 691 826 768 Non
852 701 973 757 tamen
990 684 1091 781 prius
1112 682 1245 780 scripta

199 810 344 900 delevit,
364 811 533 911 incertus,
558 826 600 882 ut
628 813 782 908 opinor,
803 824 926 883 utrum
952 825 1036 882 utro
1063 809 1146 880 loco
1170 831 1245 877 me-

198 937 269 1008 lius
291 950 402 1025 esset,
426 949 505 1006 tum
533 933 644 1006 subiit
667 960 730 1006 seu
756 935 857 1005 furor
875 934 934 1005 ille
959 934 1006 1005 de
1025 958 1099 1031 quo
1119 931 1246 1003 Hiero-

199 1059 515 1156 nymusloquitur,
530 1082 594 1129 seu
605 1058 808 1156 desperatio
820 1058 1092 1156 (qualicumque
1105 1081 1126 1128 e
1139 1080 1248 1127 causa

200 1198 279 1255 orta
301 1183 361 1277 sit)
383 1207 464 1280 quae
494 1183 664 1255 miserum
684 1182 731 1254 ad
749 1183 787 1253 id
815 1182 959 1280 impulit
981 1197 1023 1253 ut
1048 1206 1112 1251 sua
1136 1204 1247 1251 manu

200 1323 357 1380 mortem
367 1306 433 1378 sibi
448 1309 697 1379 conscisceret.
716 1313 934 1379 Invenerunt
941 1307 1048 1377 amici
1057 1306 1093 1380 in
1106 1304 1248 1376 schedis

201 1431 294 1504 duos
310 1432 423 1523 locos,
440 1447 476 1503 et
491 1431 597 1503 nobis
615 1432 740 1527 quales
755 1447 859 1504 erant
873 1445 1127 1521 servaverunt3
1147 1429 1248 1527 quod

202 1583 269 1657 pro
296 1582 378 1629 meo
399 1555 537 1652 judicio
565 1572 662 1628 recte
689 1581 730 1629 ac
752 1555 869 1655 probe
897 1557 1059 1628 lecerunt
1069 1609 1081 1642 ,
1111 1554 1246 1625 nedum

202 1706 320 1773 suam,
341 1707 417 1753 non
435 1681 592 1753 Lucretii
614 1697 787 1772 mentem,
810 1706 896 1753 cum
910 1680 1063 1779 posteris
1081 1704 1247 1750 eommu-

202 1806 377 1878 nicarent.

251 1931 432 2002 Admonet
460 1956 546 2003 vero
572 1956 639 2002 nos
664 1931 756 2003 illud
779 1931 900 2029 quarti
923 1929 1007 2002 libri
1031 1931 1248 2028 prooemium

204 2070 246 2125 ut
268 2054 314 2126 de
333 2055 461 2126 ceteris
479 2055 686 2152 loquamur.
712 2060 790 2126 lam
813 2054 859 2127 de
881 2055 1000 2153 primo
1023 2078 1140 2153 pauca
1161 2054 1251 2125 dixi·

204 2179 357 2274 mus(1),
371 2179 475 2274 cujus
483 2179 688 2277 exemplum
696 2179 795 2277 apud
804 2180 1054 2251 Parmenidem
1067 2179 1254 2251 invenerat

204 2318 347 2394 noster3
382 2328 450 2374 nec
482 2328 557 2374 non
589 2302 824 2402 Empedocles
859 2328 1161 2401 unumquemque
1192 2315 1253 2376 τῶν

204 2434 348 2499 Φυσικῶν
372 2426 507 2498 librum
535 2426 724 2525 splendido
752 2428 900 2500 exordio
929 2427 1072 2500 videtur
1101 2453 1253 2500 exorna-

206 2553 311 2640 visse,
331 2576 417 2623 nam
431 2550 592 2623 nobilem
606 2576 686 2623 eam
699 2551 745 2622 ad
757 2551 975 2650 Calliopeam
988 2552 1255 2625 invocationem

208 2701 318 2773 quarn
338 2677 493 2748 servavit
510 2677 680 2771 Origenes
696 2677 747 2772 (2)
763 2675 896 2747 librum
912 2678 1058 2749 tertium
1074 2672 1257 2776 aperuisse

209 2799 438 2871 crediderim.
464 2806 565 2888 Quos
594 2799 746 2871 feliciter
771 2815 916 2871 secutus
945 2814 1070 2871 noster
1098 2826 1159 2872 sex
1188 2801 1257 2872 illis

206 2926 507 3022 praestantissimis
523 2925 710 3024 prooemiis
722 2949 815 3023 opus
830 2950 938 2996 suum
948 2926 1147 3015 exornavit,
1165 2950 1256 3022 quo·

207 3075 288 3120 rum
299 3049 395 3121 bona
414 3075 498 3148 pars
516 3050 553 3120 in
569 3049 676 3120 laude
692 3049 850 3145 magistri
866 3050 1012 3148 Epicuri
1025 3049 1256 3148 praedicanda

206 3188 393 3262 versatur,
420 3172 700 3271 exemplumque
726 3173 802 3271 ipse
820 3173 890 3244 fuit
908 3173 1069 3271 Virgilio,
1096 3176 1160 3271 qui
1183 3176 1255 3246 sin-

206 3292 306 3390 gulas
329 3295 588 3390 Georgicorum
615 3310 736 3393 partes
759 3295 951 3366 numinum
976 3295 1193 3391 agrestium,
1219 3313 1256 3368 et

207 3420 377 3514 Augusti,
401 3435 437 3490 et
464 3422 666 3492 Maecenatis
697 3421 927 3492 invocatione
959 3419 1116 3512 orditur,
1144 3424 1250 3494 tertio

208 3559 331 3615 autem
351 3542 459 3633 libr0,
480 3559 522 3617 ut
546 3523 895 3643 nuperLucretium
925 3560 1057 3642 quarto
1080 3545 1250 3636 vidimus,

207 3666 253 3737 de
276 3691 335 3755 se,
360 3666 406 3736 de
424 3691 488 3737 sua
511 3665 647 3761 gloria,
670 3665 716 3737 de
741 3667 798 3737 via
824 3691 935 3763 quam
955 3668 1165 3740 tentandam
1185 3666 1253 3738 sibi

207 3790 399 3888 proposuit
411 3792 462 3861 ita
475 3791 661 3889 loquitur,
687 3805 729 3862 ut
749 3791 932 3862 neminem
950 3791 1061 3864 lateat
1081 3792 1249 3866 imitatio

246 4092 286 4173 (l)
307 4091 387 4152 Vide
401 4111 431 4171 p.
450 4095 488 4153 tr
503 4110 591 4173 seqq.
965 4114 968 4121 ·

248 4190 289 4270 (2)
310 4190 514 4270 Empedocles
527 4189 608 4272 apud
620 4189 778 4266 Mullach,
792 4192 936 4254 383-386.
