2902 5016
496 456 686 511 CONDITIONE
702 455 783 510 trun
801 456 991 511 Luctantur.
1220 458 1250 508 at

209 580 338 649 riorem
350 578 623 651 translationem
635 603 707 676 qua
719 603 843 650 rerum
854 593 977 650 ortum
990 577 1251 674 interitumque

209 700 398 774 othelium
414 704 540 774 mortis
554 718 590 775 et
607 704 688 775 vitae
702 702 875 801 depingit,
891 702 929 773 in
944 719 1019 799 quo

644 895 775 953 Miscetur
786 895 883 952 funere
895 911 979 969 vagor

310 987 401 1057 Quem
413 985 489 1058 pueri
502 985 603 1042 tollunt
615 985 731 1042 visentes
744 984 857 1041 luminis
871 999 951 1052 oras3

307 1077 365 1132 Nec
377 1091 433 1131 nor
445 1090 499 1131 una
511 1075 593 1143 diem,
609 1089 698 1146 neque
710 1082 821 1131 noctem
832 1089 931 1129 aurora
944 1081 1038 1130 secuta
1052 1082 1094 1129 est

309 1166 380 1236 Quae
391 1180 448 1221 non
463 1163 582 1220 audierit
595 1163 692 1220 mistos
704 1162 838 1234 vagitibus
852 1161 933 1233 aegris

308 1252 445 1321 Plomma,
458 1251 555 1308 mortis
569 1250 685 1308 comites
698 1261 727 1308 et
736 1248 843 1307 funeris
853 1251 905 1306 atri
918 1253 965 1317 (t).

207 1431 313 1502 Paulo
327 1445 411 1528 post
423 1445 574 1528 apparet
589 1428 721 1502 nobilis
735 1434 851 1501 Terrae
869 1427 994 1499 matris
1014 1427 1168 1523 effigies3
1192 1426 1252 1499 de·

205 1552 411 1625 scribuntur
434 1551 584 1649 Cybeles
616 1552 767 1648 insignia
793 1566 829 1623 et
852 1551 992 1639 cultus,
1028 1550 1176 1647 deaeque
1201 1551 1248 1621 si·

206 1673 405 1745 mulacrum
445 1698 511 1772 per
545 1672 653 1746 urbes
693 1672 846 1744 solemni
887 1697 1024 1770 pompa
1057 1672 1247 1762 incedens,

206 1799 292 1871 dum

307 1985 370 2039 AEre
385 1990 467 2055 atque
477 1972 589 2054 argento
602 1989 729 2038 sternunt
742 1982 793 2038 iter
808 1996 889 2039 omna
902 1980 1031 2052 viarum·

306 2069 441 2143 Largiiica
454 2071 524 2142 stipe
537 2070 666 2136 ditantes.
680 2071 855 2143 ninguntque
868 2087 995 2128 rosarum

306 2159 444 2230 Floribus,
456 2159 615 2215 umbrantes
627 2167 744 2215 matrem
760 2160 949 2233 comitumque
963 2159 1078 2218 choreas
1092 2166 1101 2227 (
1121 2164 1140 2232 ).

203 2344 297 2432 Quid
322 2346 460 2417 multa?
485 2351 565 2417 Jarn
592 2346 677 2417 satis
705 2370 905 2443 superque,
937 2345 975 2416 ni
1000 2344 1119 2435 fallor,
1149 2362 1249 2444 patet

203 2468 301 2565 quod
326 2470 418 2558 dixi,
452 2471 490 2541 in
515 2470 584 2541 hac
610 2471 788 2568 poematis
815 2485 938 2568 parte,
971 2470 1126 2543 aridiore
1153 2471 1248 2542 scili·

202 2609 257 2664 cet
293 2619 335 2665 ac
376 2595 542 2666 tristioris
577 2597 800 2689 argumenti,
838 2594 877 2665 id
912 2594 1014 2692 quod
1040 2597 1249 2692 promiserit

202 2732 345 2812 poetam
364 2717 589 2814 praestitisse3
615 2732 650 2787 et
662 2716 756 2787 inter
768 2716 907 2815 poesim
922 2741 964 2786 ac
976 2715 1248 2815 philosophiam

202 2840 290 2912 adeo
307 2866 394 2932 non,
421 2855 462 2912 ut
480 2841 506 2910 ii
523 2838 756 2911 affirmabant
773 2865 867 2937 quos
886 2840 1095 2929 refellimus,
1120 2867 1248 2940 perpe·

202 2977 303 3034 tuum
322 2963 510 3035 dissidium
529 2989 570 3034 ac
595 2963 699 3061 quasi
720 2964 884 3035 naturale
909 2964 1096 3061 quoddam
1120 2964 1246 3037 odium

200 3113 290 3178 esse,
315 3105 355 3160 ut
374 3103 501 3161 contra
519 3088 565 3159 ad
582 3087 811 3186 propositum
829 3087 938 3160 finem
958 3089 1242 3187 assequendum,

200 3214 332 3285 scilicet
349 3213 397 3285 ad
415 3213 599 3286 docendos
615 3214 723 3285 simul
747 3239 788 3285 ac
807 3213 1040 3287 delectandos
1059 3215 1242 3309 homines,

199 3338 346 3409 alterius

302 3531 397 3588 Altera
409 3540 504 3604 poscat
515 3546 598 3605 opem
611 3545 656 3590 res
671 3539 701 3591 et
713 3533 853 3606 conspiret
865 3535 963 3591 amice.

242 3723 332 3810 Quis
349 3721 447 3793 enim
463 3744 538 3791 non
556 3720 664 3792 sentit
684 3735 860 3818 quantam
879 3721 954 3793 vim
972 3720 1106 3794 habeat
1123 3722 1243 3821 poesis

196 3859 235 3917 ut
259 3846 383 3931 omnia
401 3871 482 3944 quae
498 3846 762 3944 pronuntiatio
777 3847 919 3919 animos
935 3845 1161 3920 audientium
1177 3862 1242 3919 aut

231 4101 275 4181 (i)
295 4102 414 4163 Lucret.
430 4103 475 4176 Il,
492 4104 551 4163 576
566 4120 654 4182 seqq.
669 4101 823 4184 (Lachmq.

236 4197 278 4282 (2)
299 4200 431 4274 Lucret,
450 4201 483 4275 u,
502 4202 551 4274 il,
570 4199 876 4283 clamationum).
