2902 5016
338 463 528 516 conunona
546 445 839 521 murmurmurmu·
1076 453 1109 514 25

106 584 214 672 Quod
225 609 299 657 non
311 582 450 653 ratione
462 597 618 670 tantum,
633 580 695 653 sed
707 595 744 653 et
754 580 920 678 exemplo
932 579 1110 677 potuisset

59 710 236 796 evincere,
250 708 282 778 si
298 731 379 802 erga
395 706 602 778 Lucretium
613 705 723 804 paulo
737 704 876 802 aequior
886 703 1024 795 suisset,
1041 727 1109 774 nec

59 849 204 932 poetam
230 858 313 904 cum
337 831 482 928 Epicuri
508 829 702 929 discipulo,
730 854 876 901 causam
902 831 1108 901 communi·

60 956 188 1046 cando,
201 955 306 1026 simul
320 954 643 1026 condemnavissct.
660 955 750 1043 Quis
762 956 857 1025 enim
871 979 946 1025 non
957 953 1108 1025 miretur

59 1106 139 1152 eam
150 1080 277 1176 judicii
294 1082 534 1163 severitatem,
553 1078 609 1150 vel
623 1079 746 1176 potius
761 1077 955 1174 iujuriam?
971 1083 1108 1175 Nempe

60 1231 174 1302 quum
195 1204 232 1275 in
252 1204 420 1276 Lucretio
438 1205 628 1277 Cicerones
652 1201 761 1275 ambo
792 1233 810 1270 a
836 1203 951 1274 multa
971 1203 1110 1274 lumina

43 1329 204 1424 ingenii,
222 1329 375 1399 multam
388 1343 509 1400 tanren
524 1342 671 1401 artem»
686 1352 762 1399 esse
774 1328 1031 1401 concessissent
1041 1327 1108 1424 (1),

59 1479 175 1550 quum
192 1453 359 1525 eumdem
377 1453 621 1547 Quintilianus
646 1483 663 1518 α
683 1453 881 1548 elegantem
897 1452 935 1522 in
953 1477 1018 1523 sua
1033 1477 1109 1523 ma·

60 1579 150 1649 teria
165 1609 182 1646 v
197 1554 500 1676 pronuntiavisset
510 1578 575 1675 (2),
591 1601 704 1674 quum
719 1592 939 1677 tot-veteres,
951 1602 1110 1674 quorum
1143 1570 1148 1577 ⁴

59 1700 1111 1798 testimoniapraestosunt,nobilissimumcarmencertatim

60 1825 319 1914 laudavissent,
339 1829 377 1896 in
395 1849 439 1897 eo
456 1828 511 1897 vir
524 1841 648 1898 noster
662 1826 720 1897 vix
736 1826 829 1897 duos
845 1840 909 1898 aut
924 1841 996 1897 tres
1012 1825 1112 1896 locos

60 1952 220 2046 agnoscit
238 1950 366 2046 dignos
387 1951 452 2046 qui
478 1965 594 2048 poetae
617 1951 842 2047 assignentur
862 1950 928 2047 (3).
954 1949 1062 2038 Quod
1082 1950 1111 2020 si

62 2101 112 2166 re,
138 2100 211 2146 non
229 2076 411 2172 religionis
428 2075 623 2167 calumnia,
641 2076 849 2173 judicasset,
872 2077 901 2147 si
920 2077 1112 2147 attentiore

62 2225 102 2271 ac
126 2199 295 2271 liberiore
320 2215 440 2271 niente
461 2225 520 2271 eas
540 2201 838 2300 pervolutavisset
858 2201 1005 2299 paginas
1026 2199 1109 2290 ubi,

62 2339 102 2395 ut
121 2339 158 2397 et
177 2322 291 2394 multa
309 2323 410 2414 falsa,
433 2325 483 2395 ita
501 2324 606 2422 plura
624 2341 660 2397 et
678 2325 862 2397 verissima
884 2339 920 2396 et
940 2324 1110 2422 pulcher-

62 2451 153 2518 rima
177 2463 278 2538 sunt,
311 2450 365 2519 vix
392 2448 521 2520 dubito
544 2450 633 2547 quin
657 2450 896 2521 admiratione
922 2465 1051 2547 captus
1075 2465 1111 2520 et

62 2572 235 2671 abreptus
251 2597 397 2644 causam
415 2573 549 2669 injusto
568 2573 778 2671 praejudicio
795 2573 1036 2663 liberavisset,
1073 2589 1111 2644 et

63 2721 248 2793 magnum,
270 2696 344 2767 imo
363 2699 562 2769 maximum
573 2699 798 2770 salutavisset
813 2715 975 2799 poetam,
992 2723 1108 2796 quan-=

63 2845 188 2918 quam,
208 2821 295 2893 vitio
313 2822 487 2918 temporis
505 2847 546 2893 ac
562 2822 674 2893 nimia
693 2847 777 2917 erga
795 2825 1005 2919 magistrum
1018 2825 1109 2921 Epi-

62 2970 193 3016 curum
211 2945 408 3033 docilitate,
429 2947 538 3018 tantis
553 2949 589 3018 in
608 2945 792 3019 erroribus
812 2961 974 3020 versatus
990 2947 1047 3019 sit.

102 3173 143 3257 (l)
173 3197 189 3234 (ι
204 3175 335 3237 Lucretii
349 3182 502 3258 poemata,
518 3185 551 3238 ut
566 3177 682 3252 scribis,
700 3176 741 3240 ita
756 3185 837 3253 sunt,
854 3185 914 3241 etc.
933 3201 947 3236 v
964 3179 1004 3242 M.
1018 3178 1109 3240 Tullii

64 3272 102 3334 ad
124 3273 270 3345 Quintum
290 3272 415 3336 fratrem
431 3293 480 3355 ep.
499 3275 535 3350 Π,
560 3276 610 3338 ΧΙ.
631 3273 689 3338 Ubi
714 3275 877 3339 doctissimi
896 3274 951 3338 viri
968 3275 994 3337 J.
1008 3277 1045 3338 V.
1068 3277 1110 3339 Le

65 3372 305 3434 Clercnotulam
318 3360 398 3435 vide.
812 3389 815 3394 ·

104 3471 143 3545 (2)
167 3470 297 3532 institut.
309 3478 386 3532 orat.
402 3473 438 3546 X,
457 3476 487 3533 l.

108 3566 149 3646 (3)
173 3568 339 3630 Me'moires
367 3569 405 3630 de
430 3568 617 3631 l'Academie
644 3568 697 3631 des
720 3570 915 3652 inscriptions
940 3577 971 3633 et
998 3572 1109 3634 helles-

64 3664 177 3740 lettres,
196 3668 236 3726 {¹²
252 3666 341 3743 serie,
357 3669 390 3728 T.
405 3669 469 3742 llll,
486 3686 515 3748 p.
533 3670 599 3730 132.
