2902 5016
354 461 543 512 counlttottu
559 463 642 514 APUD
658 462 847 515 tonantum.
1093 461 1121 511 st

80 577 201 650 beant.
219 586 265 652 Ac
283 583 312 652 si
327 585 408 680 quis
424 583 512 659 mibi
527 600 704 655 memoret
721 609 800 681 quae
816 582 862 654 de
876 579 1124 654 Phaenomenis

79 707 206 777 Aratus
227 708 422 807 scripserit,
445 710 472 779 si
496 709 676 808 praecipue
699 707 846 805 objiciat
865 706 911 778 de
932 732 970 777 re
989 692 1122 777 rustica

78 830 264 926 Virgilium
297 858 442 905 carmen
467 833 543 932 ipsa
568 834 716 906 AEneide
746 833 903 905 divinius
926 832 1121 929 scripsisse,

78 955 245 1027 Flaccum
278 983 319 1029 ac
348 958 505 1029 Bolaeum
533 973 697 1030 nostrum
725 957 770 1029 de
798 973 874 1028 arte
901 956 1044 1053 poetica
1072 956 1122 1027 ita

75 1082 217 1179 poetice
242 1081 448 1154 disseruisse
474 1098 515 1153 ut
539 1084 624 1154 artis
647 1083 809 1179 exempla
833 1080 1004 1152 simulac
1029 1105 1121 1179 prae-

75 1219 180 1302 cepta
197 1205 403 1304 praebeant,
424 1208 460 1278 in
483 1222 658 1305 promptu
672 1207 740 1278 erit
763 1204 983 1304 respondere
1000 1203 1122 1303 philo·

76 1329 310 1425 sophantium
330 1356 407 1402 esse
430 1356 471 1403 ea
491 1356 602 1430 opera
627 1356 701 1403 non
725 1331 845 1401 minus
863 1354 973 1426 quam
996 1344 1122 1428 poeta·

73 1478 170 1524 rum.
199 1455 296 1544 Quid
324 1455 479 1546 coelum,
511 1455 601 1552 quid
627 1454 762 1546 sidera,
786 1455 861 1526 nisi·
886 1454 1015 1525 mundi
1039 1479 1123 1552 pars

74 1576 383 1674 splendidissima?
397 1584 542 1650 Terram
562 1581 728 1649 omnium
746 1602 870 1650 rerum
886 1577 1062 1668 altricem,
1087 1593 1124 1649 et

76 1700 218 1772 labores
246 1702 381 1801 quibus
407 1705 494 1776 vivit
518 1703 723 1775 humanum
748 1727 874 1799 genus,
897 1715 935 1773 et
959 1703 1121 1774 animan·

75 1825 165 1897 tium
188 1841 351 1919 naturae,
375 1830 513 1926 apium,
531 1828 685 1926 exempli
706 1826 831 1924 gratia,
854 1824 988 1926 quibus
1006 1828 1123 1899 inesse

356 2041 466 2098 Partem
480 2040 578 2100 divtnae
591 2040 693 2098 mentis
707 2049 735 2099 et
749 2039 862 2099 haustus

178 2127 431 2199 AEtheriosdirere,

74 2341 198 2397 utrum
216 2326 476 2426 philosophus,
499 2351 543 2398 an
560 2342 669 2426 poeta
688 2325 881 2399 describit?
908 2333 1035 2400 Nonne
1052 2328 1121 2400 du-

72 2451 287 2523 bitationem
309 2452 441 2523 tollunt
464 2467 655 2548 sequentes
672 2476 809 2541 versus,
831 2451 965 2549 quibus
980 2455 1123 2525 Stoico-

73 2602 176 2666 rum,
206 2576 263 2647 vel
288 2576 411 2674 potius
436 2575 743 2672 Pythagoreorum
772 2576 905 2673 placita
932 2576 978 2649 de
1001 2577 1122 2649 anima

74 2699 202 2771 mundi
213 2725 280 2797 per
293 2725 439 2773 omnem
452 2715 620 2771 naturam
637 2700 714 2770 fusa
728 2713 764 2771 et
779 2701 944 2771 omnium
961 2703 1121 2772 animan·

72 2826 166 2901 tium
187 2824 325 2895 animas
350 2822 645 2895 subministrante
663 2823 831 2922 exponit?
851 2828 952 2896 Artes
971 2825 1119 2897 tandem
1143 2807 1149 2815 .

72 2946 233 3044 poeticas
259 2972 368 3019 nemo
396 2962 500 3042 neget
525 2947 725 3045 plurimum
752 2946 991 3046 philosophiae
1020 2949 1056 3019 in
1083 2974 1121 3020 se

73 3072 272 3163 continere,
289 3096 404 3168 quum
423 3069 689 3142 nobilissimum
705 3071 858 3142 humani
871 3073 1004 3170 ingenii
1022 3071 1122 3165 labo·

73 3222 150 3268 rem
171 3197 359 3294 praeceptis
378 3196 575 3291 regendum
596 3196 800 3268 instituant.
822 3196 875 3267 Ad
900 3197 984 3267 talia
1012 3198 1121 3292 igitur

73 3347 110 3392 se
133 3321 320 3416 accingant
346 3335 485 3418 poetae3
512 3346 587 3392 non
613 3319 804 3392 servilibus
831 3319 889 3392 vel
920 3320 1121 3419 puerilibus

72 3444 244 3517 canendis
266 3445 426 3519 divinam
448 3461 577 3537 artem,
594 3461 636 3517 ut
654 3447 705 3517 ita
729 3446 861 3533 dicam,
883 3447 1117 3544 prostituant,

72 3569 255 3643 venationi
275 3569 411 3645 scilicet
434 3596 476 3642 ac
498 3571 669 3671 piscatui;
691 3585 754 3643 aut
772 3572 802 3642 si
821 3569 910 3643 libet
929 3572 976 3643 ad
995 3570 1119 3642 humi·

72 3695 161 3767 liora
177 3695 394 3767 descendere
410 3697 467 3792 (ut
490 3696 644 3768 foediora
668 3721 718 3768 ac>
734 3696 954 3768 deformiora
979 3712 1119 3768 taceam

72 3822 108 3891 in
127 3819 263 3917 quibus
285 3835 407 3891 tamen
429 3819 579 3916 quidam
603 3844 623 3891 e
641 3819 904 3893 recentioribus
921 3823 1120 3894 exsultave-

72 3945 173 4040 runt)
188 3945 418 4016 scacchorum
430 3945 530 4031 ludo,
543 3946 596 4016 rei
609 3946 667 4016 vix
677 3944 828 4018 homine
840 3946 968 4042 dignae,
984 3945 1122 4018 nedum

71 4071 192 4142 Musis.
