2902 5016
481 469 671 519 CsslllllTlssNE
690 468 771 519 APUD
788 468 974 519 Luctantur.
1220 475 1249 522 ot

205 608 347 688 tempus
361 592 458 680 terit,
478 592 541 662 sed
557 592 620 687 qui
636 606 757 662 mente
770 606 880 686 atque
895 591 1016 662 animo
1031 593 1155 661 omnia
1168 617 1249 687 quae

203 741 288 786 vera
306 731 390 786 suut
408 715 674 814 complectitur,
699 731 735 786 et
754 739 834 811 quae
855 714 1008 786 amanda
1029 730 1113 786 sunt
1131 731 1246 801 amat,

202 855 240 911 et
256 863 339 938 quae
359 837 571 910 admiranda
589 838 801 909 admiratur.

251 969 299 1034 Ea
318 989 449 1061 nempe
467 988 589 1034 rerum
608 961 839 1058 intelligentia
860 987 950 1059 quas
969 988 1043 1034 non
1060 963 1159 1037 videt
1176 979 1248 1037 ter-

201 1113 373 1159 renorum
384 1088 573 1158 oculorum
584 1087 1101 1182 aciesLucretium,Virgilium
1111 1114 1249 1161 omnes·

201 1237 274 1307 que
287 1236 392 1282 veros
404 1226 530 1308 poetas
546 1209 592 1281 ad
609 1211 645 1281 id
661 1209 762 1281 duxit
778 1223 819 1280 ut
835 1235 959 1281 sensus
974 1226 1085 1308 atque
1098 1212 1249 1284 allectus

201 1334 381 1406 humanos
401 1359 560 1433 persaepe
588 1333 644 1405 vel
669 1334 704 1403 in
733 1334 900 1405 inanimis
925 1333 1146 1429 effingerent.
1176 1339 1247 1424 Qui

201 1460 298 1529 enim
321 1485 405 1529 cum
426 1484 501 1529 non
521 1457 689 1529 animalia
710 1472 853 1528 tantum
873 1459 1044 1546 amantia,
1069 1461 1245 1548 timentia,

200 1581 360 1654 dolentia
389 1583 603 1671 ostendunt,
639 1582 702 1652 sed
733 1581 790 1652 vel
819 1560 1009 1655 arboribus
1043 1608 1086 1654 ac
1115 1584 1248 1682 plantis

201 1704 381 1804 quidquid
402 1706 470 1804 ipsi
491 1705 677 1791 sentimus,
703 1719 745 1776 ut
766 1706 816 1775 ita
839 1706 972 1796 dicam,
997 1709 1245 1792 commodant,

200 1829 289 1927 quid
315 1830 415 1901 aliud
440 1855 552 1926 quam
577 1829 782 1926 percipiunt
804 1843 916 1924 atque
939 1831 1145 1926 exprimunt
1167 1858 1247 1904 eam

200 1980 433 2026 communem
454 1956 619 2026 omnium
644 1979 767 2025 rerum
789 1956 901 2024 vitam
924 1978 1004 2051 quae
1025 1980 1092 2051 per
1110 1954 1248 2051 singula

200 2079 365 2149 immensi
380 2079 543 2176 corporis
557 2074 718 2148 membra
733 2078 937 2147 commeat?
955 2078 1063 2164 Quod
1076 2102 1152 2149 non
1168 2105 1248 2151 ora·

201 2202 309 2272 tionis
327 2201 478 2273 artificio
499 2201 600 2296 fingit
620 2216 730 2296 atque
750 2200 922 2270 mentitur
941 2216 1060 2298 poeta,
1087 2201 1149 2272 sed
1170 2203 1246 2300 ple-

201 2351 357 2422 rumque
373 2326 506 2396 inscius
525 2341 560 2396 et
576 2324 722 2413 invitm,
743 2323 894 2421 proprio
913 2324 1042 2394 mentis
1060 2325 1246 2415 instinctu,

199 2474 241 2519 ac
258 2448 380 2520 divino
397 2449 459 2521 illo
477 2449 575 2520 velut
589 2449 725 2535 afflatu,
746 2450 822 2518 sine
840 2473 914 2544 quo
932 2433 1113 2520 neminem
1128 2450 1247 2520 virum

201 2598 371 2670 magnum
390 2598 466 2643 esse
487 2598 528 2643 ac
549 2573 729 2670 praecipue
744 2586 891 2670 poetam
911 2571 1051 2642 bouum
1065 2573 1248 2645 neminem

201 2696 358 2767 affirmat
373 2696 510 2766 Tullius
529 2701 541 2790 (
568 2695 594 2792 l.

248 2821 335 2892 lnde
364 2822 503 2910 omnia,
538 2820 640 2916 quasi
669 2819 840 2916 spirantia
871 2843 913 2890 ac
944 2818 1117 2908 viventia,
1149 2837 1247 2893 amat

199 2959 321 3043 poeta,
347 2960 388 3015 ut
412 2951 509 3016 Deus
533 2945 608 3041 ipse
631 2957 728 3014 amat
752 2968 833 3039 quae
857 2944 992 3015 creavit
1016 2969 1058 3015 ac
1080 2946 1244 3018 sustinet.

199 3074 317 3156 Quam
334 3070 498 3139 omnium
517 3092 640 3139 rerum
653 3066 862 3152 fraternam,
880 3082 921 3137 ut
934 3067 984 3137 ita
1001 3068 1132 3159 dicam,
1151 3071 1247 3140 cari-

200 3207 310 3263 tatem
336 3194 372 3262 in
400 3191 546 3287 Virgilio
574 3214 699 3261 omnes
724 3191 844 3260 mirati
870 3206 973 3280 sunt3
1005 3217 1046 3263 ea
1073 3209 1127 3264 est
1150 3193 1246 3264 enim

200 3317 481 3415 praestantissimi
493 3331 609 3413 poetae
619 3315 877 3413 quasipropria
889 3315 981 3401 laus,
999 3340 1071 3412 qua
1081 3332 1247 3387 nostrum

200 3465 361 3511 amorem
381 3441 456 3537 ipse
472 3465 547 3511 non
566 3441 686 3510 minus
708 3462 819 3536 quam
842 3439 1117 3510 admirationem
1136 3441 1242 3538 rapit.

199 3563 268 3634 Sed
286 3590 366 3634 eam
386 3565 422 3633 in
441 3565 608 3635 Lucretio
627 3563 731 3633 multi
749 3587 825 3633 non
841 3578 1080 3658 agnoverunt,
1099 3563 1243 3658 injuria,

199 3688 236 3757 ni
263 3713 320 3758 me
346 3686 445 3758 sallat
468 3687 604 3783 opinio.
637 3693 716 3758 Non
742 3687 837 3757 enim
861 3686 1113 3759 Memmiadem
1134 3687 1244 3759 modo

199 3837 305 3882 suurn
317 3814 420 3882 suavi
431 3813 588 3885 arm'cilr'a
600 3810 700 3902 colit,
716 3810 779 3882 sed
793 3825 830 3881 et
843 3810 1009 3881 mortales
1023 3837 1136 3909 aegros
1147 3827 1245 3882 amat

199 3962 356 4032 quorum
372 3951 527 4008 terrores
546 3949 655 4032 atque
671 3934 886 4031 cupiditates
895 3936 1175 4006 commiseratur
1189 3935 1245 4006 vel

242 4211 280 4283 (ll
305 4209 374 4283 Cic,
388 4210 423 4269 de
438 4210 507 4271 Not.
519 4210 621 4279 Deor„
635 4210 674 4280 ll,
691 4210 739 4269 66.
761 4211 802 4269 De
819 4212 916 4281 Orat„
931 4211 970 4282 ll,
986 4213 1033 4270 46.
