2902 5016
198 401 230 450 56
497 401 538 452 ult
553 400 772 452 Pultosorfltct
789 400 945 452 Pontinus

200 523 332 618 querit,
357 516 469 621 quod,
499 523 537 594 ni
563 523 680 612 fallor,
710 523 835 594 multis
854 522 994 593 indiciis
1013 519 1243 591 manifestum

196 660 263 720 est.

247 777 337 843 Nam
354 786 548 873 postquam
568 774 726 846 universi
743 774 863 872 operis
877 771 1150 872 dispositionem
1164 768 1242 840 lau-

200 895 378 988 davimus,
405 897 591 972 fatendum
616 898 729 970 estin
753 897 899 995 singulis
920 894 1085 995 partibus
1103 908 1245 967 rectum

199 1045 284 1092 eum
305 1022 471 1094 ordinem
491 1047 583 1122 saepe
601 1022 809 1111 desiderari,
828 1022 902 1093 sive
914 1046 972 1093 res
986 1021 1081 1092 inter
1095 1044 1133 1091 se
1151 1019 1247 1091 male

200 1145 423 1238 cohaereant,
459 1148 533 1219 sive
562 1149 738 1219 iterentur
767 1148 858 1219 citra
888 1147 1137 1219 necessitatem
1164 1168 1246 1216 sen·

199 1271 332 1359 tentiae,
349 1269 614 1362 similitudines,
635 1271 724 1367 quin
743 1286 780 1342 et
796 1270 912 1367 longae
931 1294 1102 1341 versuum
1121 1267 1245 1354 serieS,

200 1393 301 1490 quod
327 1395 456 1466 vitium
483 1419 557 1466 non
586 1379 622 1465 in
648 1395 812 1495 pessimis
832 1392 1082 1494 scriptoribus
1109 1392 1248 1465 nedum

201 1517 239 1589 in
255 1533 357 1591 tanto
371 1535 493 1618 poeta,
516 1519 618 1592 facile
635 1519 741 1592 feras.
767 1525 835 1591 Eas
851 1519 1072 1609 iterationes,
1088 1543 1249 1617 quarum

202 1643 366 1743 exempla
381 1645 539 1742 plurima
558 1659 642 1717 sunt
663 1644 728 1742 (l),
757 1669 874 1741 quum
895 1644 1009 1716 nollet
1027 1648 1071 1716 V.
1097 1647 1137 1716 C.
1159 1648 1248 1715 For-

201 1766 357 1867 bigerus,
378 1784 419 1840 ut
435 1769 512 1868 ipse
530 1769 631 1861 dicit,
655 1799 672 1835 «
695 1795 843 1842 omnem
856 1768 1114 1868 prudentiam,
1138 1791 1250 1840 omne

199 1889 377 1986 judicium
404 1894 571 1966 Lucretio
599 1892 826 1989 abjudicare,
853 1924 870 1960 ι)
905 1891 1247 1992 interpolatorihus,

202 2041 303 2088 more
312 2017 719 2113 germanice,attribuit.
731 2019 957 2090 Fuisseenim
965 2019 1247 2108 Antoninorum,

202 2159 245 2213 ut
263 2143 467 2242 suspicatur
480 2144 537 2215 vel
557 2144 681 2242 potius
698 2142 912 2233 hariolatur,
926 2140 1164 2242 temporibus,
1183 2143 1250 2241 qui

88 2304 91 2312 ·
203 2269 358 2340 Lucretii
376 2293 507 2366 poema
531 2282 759 2341 recenserent
777 2292 820 2339 ac
840 2283 1092 2357 retractarent,
1110 2282 1147 2340 et
1164 2292 1249 2366 per-

203 2417 295 2491 saepe
309 2418 393 2465 suos
406 2418 531 2465 versus
544 2393 657 2464 invita
670 2394 828 2465 Minerva
840 2392 1016 2465 formatos
1024 2393 1178 2464 carmini
1191 2394 1247 2463 in-

204 2532 375 2590 sererent.
398 2517 508 2606 Quod
533 2516 730 2614 aliquando
750 2517 887 2589 factum
915 2543 991 2589 non
1015 2519 1247 2614 negaverim,

204 2668 318 2739 quum
329 2641 470 2738 jamdiu
484 2640 649 2739 pluribus
661 2642 697 2711 in
709 2641 799 2714 locis
812 2643 880 2714 viri
893 2643 992 2715 docti
1007 2667 1130 2715 versus
1141 2642 1249 2715 obelo

206 2768 412 2839 notaverint
439 2768 504 2864 qui
536 2791 557 2837 a
585 2767 722 2838 lectore
749 2766 971 2866 philosopho
1005 2767 1158 2864 margini
1184 2768 1250 2840 adv

205 2892 328 2991 scripti
350 2892 434 2964 inde
453 2893 489 2962 in
511 2905 721 2963 contextum
741 2891 919 2987 poematis
943 2892 1152 2963 transierint
1181 2893 1246 2990 (2).

204 3018 274 3089 Sed
291 3040 524 3113 nequaquam
544 3015 652 3087 velim
680 3015 726 3088 de
747 3017 848 3088 omni
875 3041 915 3088 re
945 3017 996 3089 ita
1014 3015 1178 3112 judicare
1207 3033 1250 3090 ut

204 3140 384 3240 quidquid
403 3138 496 3211 male
518 3140 742 3232 ordinatum,
769 3141 949 3238 quidquid
968 3142 1044 3213 sine
1060 3166 1168 3214 causa
1191 3168 1249 3214 re·

205 3267 373 3366 petitum,
394 3265 432 3337 id
448 3289 570 3355 omne,
591 3290 676 3337 cum
693 3266 941 3359 Lachmanno,
963 3267 1129 3341 Lucretio
1147 3268 1213 3340 aul
1233 3311 1248 3323 ·

246 3577 285 3656 (t)
307 3574 384 3637 Vide
397 3573 549 3646 Lemaire,
560 3579 582 3634 t.
597 3576 625 3648 I,
639 3590 667 3652 p.
680 3575 728 3635 88.

248 3675 288 3758 (t)
310 3677 342 3734 ln
359 3672 536 3754 longissimo
547 3669 639 3750 hujus
654 3669 775 3751 generis
787 3671 858 3734 loco
876 3670 940 3754 (ΙΙΙ,
957 3675 1102 3753 soc-829)
1114 3673 1167 3737 ubi
1179 3694 1251 3758 quae

206 3775 244 3834 de
268 3770 385 3832 mundo
411 3769 484 3830 alias
506 3769 648 3831 dicuntur
677 3768 725 3850 (V,
751 3771 804 3830 351
827 3775 923 3852 seqq.)
945 3771 983 3832 ad
1007 3772 1142 3835 animum
1162 3793 1251 3838 men·

203 3874 329 3950 temque
353 3869 518 3928 humanam
540 3865 727 3942 referuntur,
752 3884 843 3929 nemo
867 3886 928 3928 non
948 3869 1093 3931 insulsam
1121 3874 1250 3935 transla-

204 3967 320 4030 tionem
343 3966 445 4028 nescio
470 3965 559 4044 cujus
584 3964 749 4027 ardelionis
771 3965 885 4044 arguit3
905 3965 960 4028 sed
979 3967 1191 4032 Lachmanuus
1216 3971 1249 4034 in

203 4064 365 4146 postremis
375 4062 511 4126 versibus
524 4081 651 4124 manum
666 4062 785 4126 Marulli
797 4081 959 4143 agnoscere
971 4083 1003 4126 se
1015 4064 1156 4130 affirmat.
1175 4069 1250 4132 Vide

203 4161 470 4241 Commentariun,
488 4180 517 4242 p.
534 4162 603 4223 185.
