2902 5016
481 477 673 528 conutttuttu
690 478 771 529 trun
789 478 978 530 tractantur.
1224 480 1254 528 tt
1323 555 1326 560 Ι

254 609 372 693 Quam
398 602 546 700 quidem
569 604 782 673 sententiam
805 604 916 701 paulo
941 603 1126 675 duriorem
1146 618 1256 702 atque

207 727 429 801 acerbiorem
445 728 483 798 in
498 726 612 798 oculis
628 726 798 799 habuisse
815 726 1032 799 Plutarchus
1048 726 1139 798 mihi
1155 727 1254 799 vide-

207 870 266 926 tur
285 854 322 924 in
342 851 435 923 libro
458 878 532 949 quo
556 851 602 923 de
624 852 723 922 vario
742 866 955 950 poematum
972 878 1041 924 usu
1060 852 1201 924 disserit
1221 867 1257 924 et

207 976 393 1076 quomodo
410 977 535 1073 juveni
554 1001 596 1048 ea
615 977 685 1046 sint
704 975 881 1046 audienda
896 975 1021 1067 docet3
1044 1000 1175 1075 nempe
1192 981 1257 1073 qni

208 1117 402 1202 postquam
414 1101 579 1173 absolute
591 1100 720 1171 dixerit
734 1129 751 1164 ιι
768 1099 906 1171 nullam
918 1125 955 1172 se
964 1103 1105 1172 novisse
1115 1100 1256 1200 poesim

205 1227 274 1299 nisi
286 1253 370 1299 cum
383 1225 476 1298 fictis
488 1239 524 1295 et
535 1226 793 1296 commentitiis
804 1222 948 1312 fabulis,
966 1223 1256 1324 »Empedoclem

206 1377 289 1423 cum
311 1348 533 1439 Parmenide,
556 1363 592 1420 et
611 1348 803 1439 Nicandro,
824 1362 860 1419 et
875 1347 1092 1444 Theognide,
1111 1349 1253 1446 jungat,

206 1501 365 1574 quorum
377 1474 702 1547 commentationes
719 1501 737 1538 ιι
755 1498 775 1544 a
789 1472 891 1572 poesi
902 1474 1114 1569 gravitatem
1129 1498 1256 1570 quam·

205 1600 290 1672 dam
318 1614 354 1671 et
382 1600 601 1671 astrictiores
624 1622 797 1672 numeros
819 1612 993 1670 mutuatae
1022 1613 1126 1687 sunt,
1157 1603 1258 1670 velut

205 1723 357 1797 rhedam
375 1737 438 1795 aut
455 1722 679 1812 vehiculum,
700 1747 746 1794 ne
762 1722 947 1821 pedestres
965 1722 1135 1795 incedant
1150 1721 1214 1822 (1)
1236 1754 1254 1790 ν

205 1850 293 1921 lnde
318 1845 508 1946 probabile
532 1862 587 1918 est
611 1872 692 1919 eam
716 1847 920 1919 doctrinam
946 1847 991 1919 ad
1018 1862 1163 1919 nostros
1186 1847 1256 1920 ho·

206 1975 321 2047 mines
343 1973 569 2072 perfluxisse,
601 1972 665 2069 qui
690 1997 770 2043 eam
793 1971 999 2044 adstrictius
1019 1987 1254 2071 acceperunt,

204 2100 341 2171 nedum
363 2096 520 2169 molliori
541 2097 838 2193 interpretatione
858 2096 1023 2194 paulum,
1049 2112 1090 2168 ut
1109 2122 1255 2194 aeqnum

204 2238 294 2313 erat,
306 2223 546 2308 inflecterent3
561 2245 603 2292 ac
612 2246 658 2292 ne
669 2221 744 2292 sine
755 2219 939 2292 erroribus
949 2220 1111 2319 quidem,
1123 2247 1209 2294 narn
1220 2238 1256 2294 et

204 2346 303 2448 apud
321 2346 559 2418 clarissimum
583 2346 700 2417 virum
724 2361 761 2418 et
784 2346 1035 2417 doctissimum
1058 2347 1255 2418 Henricum

203 2471 429 2572 Stephanum
446 2470 551 2542 video
565 2469 792 2542 Aristotelem
809 2469 854 2542 de
874 2469 1005 2544 fabulis
1022 2471 1152 2542 dixisse
1170 2496 1257 2543 «eas

203 2622 279 2670 esse
301 2621 455 2695 poeseos
478 2595 540 2690 (sic
562 2593 742 2666 scribebat
765 2595 822 2666 vir
845 2595 1149 2691 diligentissimus)
1177 2596 1255 2667 ani-

204 2747 339 2794 mam»
365 2720 437 2815 (2),
469 2717 569 2817 quod
601 2718 700 2817 apud
727 2719 930 2813 Stagiritam
956 2719 1090 2791 frustra
1115 2746 1252 2817 quaero.

203 2852 280 2918 Hoc
302 2859 443 2916 tantum
458 2845 496 2915 in
513 2844 657 2914 Poetica
673 2843 831 2933 invenio,
850 2843 1068 2943 principium
1086 2869 1162 2916 esse
1179 2862 1254 2916 tra-

199 2970 326 3070 goedc'ac
349 2983 385 3042 et
398 2968 498 3040 velut
512 2969 671 3040 animam
688 2972 740 3038 τὸν
758 2971 846 3063 μῦθον
863 2967 930 3064 (3),
951 2967 1097 3057 scilicet,
1119 2984 1160 3040 ut
1179 2970 1255 3068 ipse

202 3092 444 3194 philosophus
471 3091 768 3164 antecedentibus
799 3116 842 3163 ac
873 3091 1108 3190 sequentibus
1137 3090 1256 3164 verbis

203 3218 417 3290 sententiam
439 3217 571 3314 aperit,
599 3229 853 3312 argumentum
877 3241 941 3288 seu
967 3239 1043 3289 rem
1063 3217 1110 3290 ad
1131 3231 1252 3288 actum

244 3476 285 3555 (l)
306 3474 422 3536 Forsan
444 3472 573 3535 lectores
589 3471 710 3552 juvabit
731 3471 796 3554 ipsa
816 3490 919 3550 graeca
937 3470 1074 3535 habere:
1095 3474 1156 3533 Οὐκ
1175 3471 1254 3553 ἴσμεν

202 3572 230 3632 δὲ
254 3570 354 3650 ἄμυθον
377 3567 435 3629 οὐδὲ
458 3569 558 3649 ἀψευδῆ
575 3568 692 3641 ποίησιν.
709 3570 734 3628 Τ
737 3567 753 3626 δι
778 3571 799 3626 δ’
815 3567 1030 3647 Ἐμπεδοκλέους
1051 3567 1101 3642 ἔπη
1116 3568 1161 3629 καὶ
1175 3572 1255 3652 [lup-

204 3670 319 3748 μενίδου,
332 3668 376 3726 καὶ
387 3663 514 3746 Θηριακδι
526 3664 685 3744 Νικάνδρου,
698 3663 745 3724 καὶ
756 3663 941 3743 Γνωμολογίαι
952 3664 1103 3744 Θεόγνιδος,
1117 3664 1191 3746 λόγον
1203 3665 1254 3727 εἶσὶ

201 3765 362 3849 κεχρημένοι
374 3763 446 3845 παρὰ
462 3767 511 3836 τῆς
521 3767 672 3835 ποιητικῆς,
684 3761 774 3844 ὥσπερ
785 3761 888 3843 ὄχημα,
898 3761 942 3821 τὸν
954 3761 1030 3842 ὄγκον
1044 3760 1091 3821 καὶ
1103 3762 1134 3822 τδ
1144 3761 1252 3844 μέτρον,

201 3863 244 3923 ἵνα
257 3863 289 3924 alt
305 3862 383 3932 πεζὸν
396 3860 568 3942 διαφύγωσιν.
586 3858 739 3922 Plutarch.
754 3862 799 3922 De
812 3860 984 3922 Audiendt's
997 3865 1103 3938 poetis,
1117 3864 1145 3921 δ.

241 3960 281 4040 [a]
305 3958 455 4022 Henricus
469 3957 649 4039 Stephanus.
661 3958 800 4020 Parodia
811 3955 1078 4038 morarentur),
1101 3947 1254 4037 prefatio·

201 4060 248 4122 nis
263 4057 376 4139 pagina
388 4055 535 4130 secunda,
549 4073 619 4137 quae
631 4071 773 4134 numero,
789 4061 823 4116 ut
835 4062 909 4117 tunc
924 4053 1103 4132 monstrnt,
1118 4060 1211 4117 caret.

248 4157 288 4238 (3)
311 4152 397 4235 Ἀρχὴ
417 4152 465 4231 pla
483 4143 528 4213 oda
552 4155 597 4212 καὶ
613 4143 665 4214 οἷον
683 4151 757 4235 ψυχὴ
770 4157 785 4213 δ
799 4159 878 4231 μῦθος
894 4155 941 4223 τῆς
957 4153 1119 4233 τραγῳδίας,
1134 4149 1252 4236 δεύτερον

207 4256 234 4315 δὲ
247 4255 286 4337 Ἰτὰ
296 4251 359 4328 ἤθη.
373 4250 500 4315 aristot.
515 4253 598 4313 Poct.
614 4251 645 4311 6.
