2902 5016
297 506 329 554 aa
597 500 638 551 nn
655 460 881 550 rariosornrci
893 496 1047 548 nonnius

291 626 434 696 ‚tionem
453 621 688 695 vividissimis
703 636 740 692 et
755 620 970 716 gravissimis
997 620 1160 690 omniurn
1184 619 1350 692 versibus

297 749 483 821 Lucretius
512 747 635 818 multis
661 746 697 816 in
720 744 809 816 locis
827 745 1017 844 expressit,
1037 745 1088 816 ita
1117 760 1159 817 ut
1189 746 1349 816 nesciam

246 965 249 969 ⁴
298 899 379 971 quae
415 872 567 968 majora,
591 869 821 969 pulchriora,
846 868 893 939 ad
920 870 1139 961 movendOS,
1160 870 1349 941 concitan-

297 998 376 1089 dos,
397 994 666 1097 perturbandos
680 994 821 1065 animos
834 994 987 1092 aptiora,
1006 994 1035 1064 si
1057 993 1180 1065 fuisset
1196 995 1346 1082 stoicus,

296 1124 459 1196 invenire
481 1121 670 1219 potuisset.
699 1123 753 1190 De
785 1143 858 1215 qua
881 1143 921 1190 re
943 1118 1072 1189 vellem
1096 1119 1234 1215 aequius
1251 1117 1349 1213 judi·

299 1262 412 1320 casset
427 1245 631 1318 Poliniacus
662 1243 722 1315 ille
743 1268 854 1341 quem
881 1267 999 1341 nuper
1016 1242 1181 1331 laudavi,
1202 1267 1269 1314 nec
1286 1269 1350 1315 vo·

299 1372 456 1470 luptates
472 1384 593 1468 poetae
607 1381 753 1458 nostr0,
770 1382 811 1438 ut
829 1366 978 1439 cuilibet
992 1368 1166 1466 «Epicuri
1185 1367 1230 1439 de
1243 1393 1350 1464 grege

299 1520 456 1594 porco»,
486 1490 790 1591 exprobravisset,
816 1517 907 1589 quas
937 1491 1028 1564 adeo
1045 1517 1119 1563 non
1140 1493 1269 1589 quaerit
1292 1506 1349 1563 at·

301 1645 373 1717 que
390 1619 613 1708 admiratur,
635 1632 820 1689 utcontra
844 1641 957 1715 quam
976 1618 1100 1688 inanes
1126 1617 1209 1708 siut,
1235 1641 1348 1713 quarn

301 1759 440 1842 turpes,
462 1767 574 1840 quam
593 1741 759 1832 funestae,

409 1935 521 1992 Planius
532 1951 564 1992 ac
577 1934 675 1992 melius
686 1934 840 2009 Chrysippo
854 1943 882 1991 et
893 1936 1028 1993 Crantore
1038 1934 1121 1992 dicat.

348 2759 477 2825 Fateor
495 2768 616 2826 tamen
643 2754 681 2826 id
699 2755 867 2826 Lucretio
886 2754 1147 2851 impedimento
1172 2779 1215 2825 ac
1237 2753 1347 2827 detri-

299 2894 423 2952 mento
451 2879 559 2951 luisse
581 2879 683 2978 quod
714 2879 874 2976 magistri
901 2880 1072 2975 vestigiis,
1108 2878 1174 2950 ubi
1199 2894 1347 2977 poetam

298 3029 373 3076 non
392 3002 564 3096 decebat,
585 3002 726 3075 fidelius
742 3005 924 3078 institerit.
950 3006 1058 3094 Quod
1083 3006 1160 3102 jam
1187 3005 1345 3102 pridem,

297 3127 388 3211 dum
410 3129 447 3199 in
463 3128 620 3223 Diogene
639 3127 686 3199 ad
711 3128 939 3202 Herodotum
964 3129 1155 3227 epistolam
1173 3129 1343 3227 legerem,

298 3253 513 3351 suspicatus,
530 3277 648 3350 nuper
666 3253 897 3326 manifestum
919 3253 1007 3344 vidi,
1024 3280 1139 3351 quum
1163 3256 1347 3354 pretiosis-

298 3377 406 3448 simas
420 3376 498 3447 illas
510 3378 734 3474 antiquitatis
749 3379 941 3477 reliquias,
959 3381 1246 3452 Herculanenses
1262 3380 1346 3451 dico

297 3500 424 3591 libros,
444 3526 487 3572 ex
505 3499 604 3572 urbis
625 3501 773 3600 sepultae
792 3501 984 3574 ruderibus
998 3518 1080 3601 post
1099 3504 1197 3575 mille
1210 3504 1346 3602 septin-

297 3637 423 3723 gentos
443 3650 558 3696 annos
581 3625 702 3697 solerti
728 3626 922 3698 doctorum
944 3627 1137 3699 hominum
1163 3628 1347 3725 diligentia

197 3788 205 3815 ι
297 3751 334 3821 in
357 3748 478 3821 lucem
493 3750 663 3847 opinione
689 3750 828 3822 felicius
847 3752 978 3844 editos,
1001 3777 1226 3850 quanquam,
1250 3752 1343 3824 heu!

298 3888 354 3946 tot
369 3873 509 3945 lacunis
530 3874 730 3974 discerptos
745 3900 786 3946 ac
800 3876 952 3966 laceros²
974 3877 1204 3974 pervolutare
1223 3878 1339 3976 potui.
1432 3894 1434 3897 ’

297 4006 389 4073 Cum
404 3999 465 4070 illa
484 4024 571 4071 vero
590 4024 671 4097 quae
686 4002 723 4073 in
738 4002 897 4097 Diogene
915 4018 999 4073 sunt
1011 4002 1181 4074 omnibus
1200 4004 1346 4075 notiora

297 4149 373 4227 esse
388 4122 600 4213 videantur,
618 4124 663 4196 de
681 4124 739 4196 his
749 4128 980 4224 potissimum
994 4128 1125 4224 loquar
1139 4152 1221 4224 quae
1234 4127 1340 4199 nobis

297 4246 540 4318 ePhilodemi
566 4246 788 4322 bibliotheca
814 4266 1027 4324 conservata
1050 4267 1154 4343 sunt3
1177 4251 1220 4323 iis
1246 4252 1343 4325 enim
