<?xml version="1.0" encoding="UTF-8"?>
<!DOCTYPE html PUBLIC "-//W3C//DTD XHTML 1.0 Transitional//EN"
    "http://www.w3.org/TR/xhtml1/DTD/xhtml1-transitional.dtd">
<html xmlns="http://www.w3.org/1999/xhtml" xml:lang="en" lang="en">
 <head>
  <title>
</title>
<meta http-equiv="Content-Type" content="text/html;charset=utf-8" />
  <meta name='ocr-system' content='tesseract 3.04.00' />
  <meta name='ocr-capabilities' content='ocr_page ocr_carea ocr_par ocr_line ocrx_word'/>
</head>
<body>
  <div class='ocr_page' id='page_1' title='image "./dephilosophicip01higngoog_0015.png"; bbox 0 0 2902 5016; ppageno 0'>
   <div class='ocr_carea' id='block_1_1' title="bbox 285 465 1028 520">
    <p class='ocr_par' dir='ltr' id='par_1_1' title="bbox 285 465 1028 520">
     <span class='ocr_line' id='line_1_1' title="bbox 285 465 1028 520; baseline 0.003 -2"><span class='ocrx_word' id='word_1_1' title='bbox 285 472 315 518; x_wconf 84' lang='lat' dir='ltr'>to</span> <span class='ocrx_word' id='word_1_2' title='bbox 581 465 621 516; x_wconf 82' lang='lat' dir='ltr'>llll</span> <span class='ocrx_word' id='word_1_3' title='bbox 638 465 853 519; x_wconf 79' lang='lat' dir='ltr'>Pflttosoefflct</span> <span class='ocrx_word' id='word_1_4' title='bbox 871 466 1028 520; x_wconf 78' lang='lat' dir='ltr'>POEMthS</span> 
     </span>
    </p>
   </div>
   <div class='ocr_carea' id='block_1_2' title="bbox 281 588 1329 911">
    <p class='ocr_par' dir='ltr' id='par_1_2' title="bbox 281 588 1329 911">
     <span class='ocr_line' id='line_1_2' title="bbox 282 588 1329 688; baseline 0.002 -27"><span class='ocrx_word' id='word_1_5' title='bbox 282 591 319 661; x_wconf 89' lang='lat' dir='ltr'>in</span> <span class='ocrx_word' id='word_1_6' title='bbox 352 588 555 685; x_wconf 84' lang='lat' dir='ltr'>judicandis</span> <span class='ocrx_word' id='word_1_7' title='bbox 585 589 741 661; x_wconf 89' lang='lat' dir='ltr'>aliorum</span> <span class='ocrx_word' id='word_1_8' title='bbox 781 589 968 662; x_wconf 82' lang='lat' dir='ltr'>laboribus</span> <span class='ocrx_word' id='word_1_9' title='bbox 997 591 1220 688; x_wconf 88' lang='lat' dir='ltr'>aequissimos</span> <span class='ocrx_word' id='word_1_10' title='bbox 1253 616 1329 663; x_wconf 89' lang='lat' dir='ltr'>esse</span> 
     </span>
     <span class='ocr_line' id='line_1_3' title="bbox 281 712 1329 818; baseline 0.004 -32"><span class='ocrx_word' id='word_1_11' title='bbox 281 729 393 812; x_wconf 87' lang='lat' dir='ltr'>atque</span> <span class='ocrx_word' id='word_1_12' title='bbox 411 712 739 811; x_wconf 86' lang='lat' dir='ltr'>indulgentissimos</span> <span class='ocrx_word' id='word_1_13' title='bbox 753 716 818 813; x_wconf 88' lang='lat' dir='ltr'>qui</span> <span class='ocrx_word' id='word_1_14' title='bbox 831 715 1030 814; x_wconf 88' lang='lat' dir='ltr'>plurimum</span> <span class='ocrx_word' id='word_1_15' title='bbox 1053 719 1121 815; x_wconf 93' lang='lat' dir='ltr'>ipsi</span> <span class='ocrx_word' id='word_1_16' title='bbox 1135 733 1171 790; x_wconf 92' lang='lat' dir='ltr'>et</span> <span class='ocrx_word' id='word_1_17' title='bbox 1188 720 1329 818; x_wconf 85' lang='lat' dir='ltr'><strong>possint</strong></span> 
     </span>
     <span class='ocr_line' id='line_1_4' title="bbox 281 840 459 911; baseline -0.011 0"><span class='ocrx_word' id='word_1_18' title='bbox 281 853 317 911; x_wconf 90' lang='lat' dir='ltr'>et</span> <span class='ocrx_word' id='word_1_19' title='bbox 333 840 459 911; x_wconf 90' lang='lat' dir='ltr'>sciant.</span> 
     </span>
    </p>
   </div>
   <div class='ocr_carea' id='block_1_3' title="bbox 277 1072 1327 2174">
    <p class='ocr_par' dir='ltr' id='par_1_3' title="bbox 277 1072 1327 2174">
     <span class='ocr_line' id='line_1_5' title="bbox 328 1072 1326 1175; baseline 0.005 -31"><span class='ocrx_word' id='word_1_20' title='bbox 328 1080 378 1144; x_wconf 91' lang='lat' dir='ltr'>Ac</span> <span class='ocrx_word' id='word_1_21' title='bbox 387 1096 515 1144; x_wconf 87' lang='lat' dir='ltr'>vereor</span> <span class='ocrx_word' id='word_1_22' title='bbox 528 1096 574 1144; x_wconf 91' lang='lat' dir='ltr'>ne</span> <span class='ocrx_word' id='word_1_23' title='bbox 589 1074 671 1169; x_wconf 89' lang='lat' dir='ltr'>quis</span> <span class='ocrx_word' id='word_1_24' title='bbox 681 1072 832 1146; x_wconf 88' lang='lat' dir='ltr'>miretur</span> <span class='ocrx_word' id='word_1_25' title='bbox 840 1097 899 1144; x_wconf 90' lang='lat' dir='ltr'>me</span> <span class='ocrx_word' id='word_1_26' title='bbox 913 1072 958 1145; x_wconf 94' lang='lat' dir='ltr'>de</span> <span class='ocrx_word' id='word_1_27' title='bbox 970 1073 1228 1173; x_wconf 91' lang='lat' dir='ltr'>philosophico</span> <span class='ocrx_word' id='word_1_28' title='bbox 1237 1102 1326 1175; x_wconf 88' lang='lat' dir='ltr'>pue·</span> 
     </span>
     <span class='ocr_line' id='line_1_6' title="bbox 280 1196 1326 1296; baseline 0.008 -30"><span class='ocrx_word' id='word_1_29' title='bbox 280 1212 376 1270; x_wconf 90' lang='lat' dir='ltr'>mate</span> <span class='ocrx_word' id='word_1_30' title='bbox 394 1196 596 1295; x_wconf 81' lang='lat' dir='ltr'>specialiter</span> <span class='ocrx_word' id='word_1_31' title='bbox 610 1223 748 1296; x_wconf 90' lang='lat' dir='ltr'>ponere</span> <span class='ocrx_word' id='word_1_32' title='bbox 762 1198 1012 1295; x_wconf 71' lang='lat' dir='ltr'>questionem,</span> <span class='ocrx_word' id='word_1_33' title='bbox 1029 1199 1229 1296; x_wconf 89' lang='lat' dir='ltr'>quodcum</span> <span class='ocrx_word' id='word_1_34' title='bbox 1244 1204 1326 1274; x_wconf 91' lang='lat' dir='ltr'>uni-</span> 
     </span>
     <span class='ocr_line' id='line_1_7' title="bbox 279 1321 1327 1423; baseline 0.006 -29"><span class='ocrx_word' id='word_1_35' title='bbox 279 1347 383 1394; x_wconf 88' lang='lat' dir='ltr'>verso</span> <span class='ocrx_word' id='word_1_36' title='bbox 412 1321 634 1394; x_wconf 75' lang='lat' dir='ltr'>didascalicae</span> <span class='ocrx_word' id='word_1_37' title='bbox 669 1323 788 1420; x_wconf 90' lang='lat' dir='ltr'>poesis</span> <span class='ocrx_word' id='word_1_38' title='bbox 818 1347 947 1419; x_wconf 84' lang='lat' dir='ltr'>genere</span> <span class='ocrx_word' id='word_1_39' title='bbox 981 1323 1184 1417; x_wconf 87' lang='lat' dir='ltr'>(nostrates</span> <span class='ocrx_word' id='word_1_40' title='bbox 1212 1352 1327 1423; x_wconf 55' lang='lat' dir='ltr'>macco</span> 
     </span>
     <span class='ocr_line' id='line_1_8' title="bbox 279 1426 1324 1543; baseline 0.004 -24"><span class='ocrx_word' id='word_1_41' title='bbox 279 1426 390 1519; x_wconf 85' lang='lat' dir='ltr'>verbo</span> <span class='ocrx_word' id='word_1_42' title='bbox 413 1445 629 1518; x_wconf 71' lang='lat' dir='ltr'>didacticum</span> <span class='ocrx_word' id='word_1_43' title='bbox 643 1446 794 1541; x_wconf 85' lang='lat' dir='ltr'>vocant)</span> <span class='ocrx_word' id='word_1_44' title='bbox 809 1447 1035 1543; x_wconf 83' lang='lat' dir='ltr'>jungendum</span> <span class='ocrx_word' id='word_1_45' title='bbox 1052 1472 1128 1521; x_wconf 89' lang='lat' dir='ltr'>esse</span> <span class='ocrx_word' id='word_1_46' title='bbox 1145 1450 1324 1542; x_wconf 85' lang='lat' dir='ltr'>videatur,</span> 
     </span>
     <span class='ocr_line' id='line_1_9' title="bbox 278 1571 1327 1672; baseline 0.006 -28"><span class='ocrx_word' id='word_1_47' title='bbox 278 1571 383 1668; x_wconf 88' lang='lat' dir='ltr'>cujus</span> <span class='ocrx_word' id='word_1_48' title='bbox 401 1571 587 1644; x_wconf 83' lang='lat' dir='ltr'>manifeste</span> <span class='ocrx_word' id='word_1_49' title='bbox 614 1596 699 1670; x_wconf 92' lang='lat' dir='ltr'>pars</span> <span class='ocrx_word' id='word_1_50' title='bbox 723 1573 769 1644; x_wconf 87' lang='lat' dir='ltr'>sit</span> <span class='ocrx_word' id='word_1_51' title='bbox 787 1587 823 1644; x_wconf 90' lang='lat' dir='ltr'>et</span> <span class='ocrx_word' id='word_1_52' title='bbox 848 1573 895 1646; x_wconf 93' lang='lat' dir='ltr'>de</span> <span class='ocrx_word' id='word_1_53' title='bbox 915 1597 987 1672; x_wconf 89' lang='lat' dir='ltr'>qua</span> <span class='ocrx_word' id='word_1_54' title='bbox 1012 1574 1181 1672; x_wconf 87' lang='lat' dir='ltr'>pendeat.</span> <span class='ocrx_word' id='word_1_55' title='bbox 1219 1578 1327 1665; x_wconf 89' lang='lat' dir='ltr'>Quod</span> 
     </span>
     <span class='ocr_line' id='line_1_10' title="bbox 279 1697 1326 1800; baseline 0.008 -32"><span class='ocrx_word' id='word_1_56' title='bbox 279 1697 417 1769; x_wconf 88' lang='lat' dir='ltr'>crimen</span> <span class='ocrx_word' id='word_1_57' title='bbox 446 1710 487 1768; x_wconf 93' lang='lat' dir='ltr'>ut</span> <span class='ocrx_word' id='word_1_58' title='bbox 514 1711 597 1768; x_wconf 90' lang='lat' dir='ltr'>ante</span> <span class='ocrx_word' id='word_1_59' title='bbox 615 1721 792 1796; x_wconf 88' lang='lat' dir='ltr'>occupem</span> <span class='ocrx_word' id='word_1_60' title='bbox 818 1723 929 1795; x_wconf 90' lang='lat' dir='ltr'>quam</span> <span class='ocrx_word' id='word_1_61' title='bbox 958 1699 1151 1790; x_wconf 84' lang='lat' dir='ltr'>inferatur,</span> <span class='ocrx_word' id='word_1_62' title='bbox 1172 1701 1326 1800; x_wconf 84' lang='lat' dir='ltr'>ingenue</span> 
     </span>
     <span class='ocr_line' id='line_1_11' title="bbox 278 1820 1323 1919; baseline 0.006 -26"><span class='ocrx_word' id='word_1_63' title='bbox 278 1820 420 1893; x_wconf 78' lang='lat' dir='ltr'>fatebor</span> <span class='ocrx_word' id='word_1_64' title='bbox 438 1820 552 1893; x_wconf 87' lang='lat' dir='ltr'>multa</span> <span class='ocrx_word' id='word_1_65' title='bbox 566 1845 647 1918; x_wconf 92' lang='lat' dir='ltr'>quae</span> <span class='ocrx_word' id='word_1_66' title='bbox 661 1821 747 1913; x_wconf 85' lang='lat' dir='ltr'>dixi,</span> <span class='ocrx_word' id='word_1_67' title='bbox 767 1821 823 1894; x_wconf 83' lang='lat' dir='ltr'>vel</span> <span class='ocrx_word' id='word_1_68' title='bbox 846 1848 929 1894; x_wconf 87' lang='lat' dir='ltr'>mox</span> <span class='ocrx_word' id='word_1_69' title='bbox 948 1821 1113 1896; x_wconf 89' lang='lat' dir='ltr'>dicturus</span> <span class='ocrx_word' id='word_1_70' title='bbox 1133 1850 1235 1919; x_wconf 89' lang='lat' dir='ltr'>sum,</span> <span class='ocrx_word' id='word_1_71' title='bbox 1250 1852 1323 1899; x_wconf 92' lang='lat' dir='ltr'>non</span> 
     </span>
     <span class='ocr_line' id='line_1_12' title="bbox 278 1945 1325 2051; baseline 0.006 -32"><span class='ocrx_word' id='word_1_72' title='bbox 278 1947 325 2019; x_wconf 89' lang='lat' dir='ltr'>ad</span> <span class='ocrx_word' id='word_1_73' title='bbox 342 1947 548 2019; x_wconf 86' lang='lat' dir='ltr'>Lucretium</span> <span class='ocrx_word' id='word_1_74' title='bbox 568 1961 724 2035; x_wconf 89' lang='lat' dir='ltr'>tantum,</span> <span class='ocrx_word' id='word_1_75' title='bbox 744 1945 807 2018; x_wconf 90' lang='lat' dir='ltr'>sed</span> <span class='ocrx_word' id='word_1_76' title='bbox 834 1946 881 2018; x_wconf 90' lang='lat' dir='ltr'>ad</span> <span class='ocrx_word' id='word_1_77' title='bbox 897 1962 1037 2020; x_wconf 88' lang='lat' dir='ltr'>ceteros</span> <span class='ocrx_word' id='word_1_78' title='bbox 1062 1973 1188 2024; x_wconf 89' lang='lat' dir='ltr'>omnes</span> <span class='ocrx_word' id='word_1_79' title='bbox 1211 1954 1325 2051; x_wconf 88' lang='lat' dir='ltr'>perti-</span> 
     </span>
     <span class='ocr_line' id='line_1_13' title="bbox 277 2070 1120 2174; baseline 0.002 -30"><span class='ocrx_word' id='word_1_80' title='bbox 277 2098 363 2145; x_wconf 91' lang='lat' dir='ltr'>nere</span> <span class='ocrx_word' id='word_1_81' title='bbox 379 2073 443 2174; x_wconf 93' lang='lat' dir='ltr'>qui</span> <span class='ocrx_word' id='word_1_82' title='bbox 457 2071 503 2170; x_wconf 86' lang='lat' dir='ltr'>(si</span> <span class='ocrx_word' id='word_1_83' title='bbox 517 2086 634 2170; x_wconf 85' lang='lat' dir='ltr'>poetae</span> <span class='ocrx_word' id='word_1_84' title='bbox 649 2096 795 2145; x_wconf 86' lang='lat' dir='ltr'>versum</span> <span class='ocrx_word' id='word_1_85' title='bbox 813 2070 987 2171; x_wconf 88' lang='lat' dir='ltr'>refingere</span> <span class='ocrx_word' id='word_1_86' title='bbox 1000 2073 1120 2172; x_wconf 89' lang='lat' dir='ltr'>liceat)</span> 
     </span>
    </p>
   </div>
   <div class='ocr_carea' id='block_1_4' title="bbox 417 2263 1094 2340">
    <p class='ocr_par' dir='ltr' id='par_1_4' title="bbox 417 2263 1094 2340">
     <span class='ocr_line' id='line_1_14' title="bbox 417 2263 1094 2340; baseline 0.001 -16"><span class='ocrx_word' id='word_1_87' title='bbox 417 2268 453 2324; x_wconf 84' lang='lat' dir='ltr'>Et</span> <span class='ocrx_word' id='word_1_88' title='bbox 466 2265 594 2340; x_wconf 85' lang='lat' dir='ltr'>prodesse</span> <span class='ocrx_word' id='word_1_89' title='bbox 608 2265 742 2324; x_wconf 84' lang='lat' dir='ltr'>voluntat</span> <span class='ocrx_word' id='word_1_90' title='bbox 754 2264 853 2323; x_wconf 87' lang='lat' dir='ltr'>idonea</span> <span class='ocrx_word' id='word_1_91' title='bbox 867 2263 959 2324; x_wconf 85' lang='lat' dir='ltr'>dicere</span> <span class='ocrx_word' id='word_1_92' title='bbox 969 2266 1033 2324; x_wconf 74' lang='lat' dir='ltr'>vitae</span> <span class='ocrx_word' id='word_1_93' title='bbox 1046 2270 1094 2336; x_wconf 88' lang='lat' dir='ltr'>(t).</span> 
     </span>
    </p>
   </div>
   <div class='ocr_carea' id='block_1_5' title="bbox 275 2446 1324 2550">
    <p class='ocr_par' dir='ltr' id='par_1_5' title="bbox 275 2446 1324 2550">
     <span class='ocr_line' id='line_1_15' title="bbox 275 2446 1324 2550; baseline 0.004 -28"><span class='ocrx_word' id='word_1_94' title='bbox 275 2449 557 2541; x_wconf 80' lang='lat' dir='ltr'>tureramen,ni</span> <span class='ocrx_word' id='word_1_95' title='bbox 567 2446 768 2536; x_wconf 86' lang='lat' dir='ltr'>fall0r‚hoc</span> <span class='ocrx_word' id='word_1_96' title='bbox 776 2446 1064 2540; x_wconf 88' lang='lat' dir='ltr'>contendam,ea</span> <span class='ocrx_word' id='word_1_97' title='bbox 1073 2450 1234 2523; x_wconf 89' lang='lat' dir='ltr'>carmina</span> <span class='ocrx_word' id='word_1_98' title='bbox 1243 2478 1324 2550; x_wconf 92' lang='lat' dir='ltr'>quae</span> 
     </span>
    </p>
   </div>
   <div class='ocr_carea' id='block_1_6' title="bbox 272 2584 1325 3434">
    <p class='ocr_par' dir='ltr' id='par_1_6' title="bbox 272 2584 1325 3434">
     <span class='ocr_line' id='line_1_16' title="bbox 276 2584 1325 2685; baseline 0.002 -24"><span class='ocrx_word' id='word_1_99' title='bbox 276 2591 314 2661; x_wconf 89' lang='lat' dir='ltr'>in</span> <span class='ocrx_word' id='word_1_100' title='bbox 331 2587 505 2660; x_wconf 88' lang='lat' dir='ltr'>doctrinis</span> <span class='ocrx_word' id='word_1_101' title='bbox 517 2584 759 2685; x_wconf 87' lang='lat' dir='ltr'>philosophiae</span> <span class='ocrx_word' id='word_1_102' title='bbox 775 2585 997 2685; x_wconf 87' lang='lat' dir='ltr'>exponendis</span> <span class='ocrx_word' id='word_1_103' title='bbox 1008 2604 1210 2683; x_wconf 86' lang='lat' dir='ltr'>versantur,</span> <span class='ocrx_word' id='word_1_104' title='bbox 1228 2591 1325 2664; x_wconf 89' lang='lat' dir='ltr'>inter</span> 
     </span>
     <span class='ocr_line' id='line_1_17' title="bbox 276 2709 1324 2810; baseline 0.003 -25"><span class='ocrx_word' id='word_1_105' title='bbox 276 2712 398 2786; x_wconf 89' lang='lat' dir='ltr'>omnia</span> <span class='ocrx_word' id='word_1_106' title='bbox 419 2709 553 2808; x_wconf 89' lang='lat' dir='ltr'>quihus</span> <span class='ocrx_word' id='word_1_107' title='bbox 569 2710 724 2781; x_wconf 88' lang='lat' dir='ltr'>aliarum</span> <span class='ocrx_word' id='word_1_108' title='bbox 742 2712 876 2783; x_wconf 90' lang='lat' dir='ltr'>artium</span> <span class='ocrx_word' id='word_1_109' title='bbox 893 2727 1073 2810; x_wconf 89' lang='lat' dir='ltr'>praecepta</span> <span class='ocrx_word' id='word_1_110' title='bbox 1091 2715 1324 2788; x_wconf 91' lang='lat' dir='ltr'>continentur</span> 
     </span>
     <span class='ocr_line' id='line_1_18' title="bbox 275 2836 1321 2937; baseline 0.003 -27"><span class='ocrx_word' id='word_1_111' title='bbox 275 2839 398 2910; x_wconf 91' lang='lat' dir='ltr'>locum</span> <span class='ocrx_word' id='word_1_112' title='bbox 408 2836 573 2908; x_wconf 88' lang='lat' dir='ltr'>obtinere</span> <span class='ocrx_word' id='word_1_113' title='bbox 587 2850 793 2933; x_wconf 89' lang='lat' dir='ltr'>separatum</span> <span class='ocrx_word' id='word_1_114' title='bbox 808 2861 850 2908; x_wconf 91' lang='lat' dir='ltr'>ac</span> <span class='ocrx_word' id='word_1_115' title='bbox 864 2862 983 2909; x_wconf 91' lang='lat' dir='ltr'>suum.</span> <span class='ocrx_word' id='word_1_116' title='bbox 1001 2839 1143 2910; x_wconf 87' lang='lat' dir='ltr'>Etenim</span> <span class='ocrx_word' id='word_1_117' title='bbox 1158 2840 1247 2937; x_wconf 92' lang='lat' dir='ltr'>quid</span> <span class='ocrx_word' id='word_1_118' title='bbox 1259 2867 1321 2914; x_wconf 83' lang='lat' dir='ltr'>ve-</span> 
     </span>
     <span class='ocr_line' id='line_1_19' title="bbox 276 2943 1321 3059; baseline 0.003 -26"><span class='ocrx_word' id='word_1_119' title='bbox 276 2943 351 3034; x_wconf 89' lang='lat' dir='ltr'>rius</span> <span class='ocrx_word' id='word_1_120' title='bbox 368 2985 410 3033; x_wconf 90' lang='lat' dir='ltr'>ea</span> <span class='ocrx_word' id='word_1_121' title='bbox 434 2959 657 3033; x_wconf 87' lang='lat' dir='ltr'>didascalicae</span> <span class='ocrx_word' id='word_1_122' title='bbox 678 2960 798 3058; x_wconf 90' lang='lat' dir='ltr'>poesis</span> <span class='ocrx_word' id='word_1_123' title='bbox 819 2959 972 3033; x_wconf 88' lang='lat' dir='ltr'>historia</span> <span class='ocrx_word' id='word_1_124' title='bbox 995 2986 1106 3059; x_wconf 90' lang='lat' dir='ltr'>quam</span> <span class='ocrx_word' id='word_1_125' title='bbox 1123 2965 1178 3035; x_wconf 87' lang='lat' dir='ltr'>vir</span> <span class='ocrx_word' id='word_1_126' title='bbox 1197 2964 1321 3036; x_wconf 89' lang='lat' dir='ltr'>claris·</span> 
     </span>
     <span class='ocr_line' id='line_1_20' title="bbox 275 3083 1322 3185; baseline 0.002 -27"><span class='ocrx_word' id='word_1_127' title='bbox 275 3087 387 3159; x_wconf 92' lang='lat' dir='ltr'>simus</span> <span class='ocrx_word' id='word_1_128' title='bbox 409 3085 535 3185; x_wconf 89' lang='lat' dir='ltr'>paucis</span> <span class='ocrx_word' id='word_1_129' title='bbox 552 3083 672 3156; x_wconf 87' lang='lat' dir='ltr'>verbis</span> <span class='ocrx_word' id='word_1_130' title='bbox 684 3084 901 3157; x_wconf 79' lang='lat' dir='ltr'>delineavit?</span> <span class='ocrx_word' id='word_1_131' title='bbox 917 3085 969 3183; x_wconf 86' lang='lat'>(2)</span> <span class='ocrx_word' id='word_1_132' title='bbox 998 3087 1142 3159; x_wconf 88' lang='lat' dir='ltr'>Scilicet</span> <span class='ocrx_word' id='word_1_133' title='bbox 1158 3102 1232 3160; x_wconf 89' lang='lat' dir='ltr'>tres</span> <span class='ocrx_word' id='word_1_134' title='bbox 1246 3114 1322 3160; x_wconf 90' lang='lat' dir='ltr'>esse</span> 
     </span>
     <span class='ocr_line' id='line_1_21' title="bbox 274 3207 1321 3311; baseline 0.003 -29"><span class='ocrx_word' id='word_1_135' title='bbox 274 3224 410 3301; x_wconf 87' lang='lat' dir='ltr'>aetates,</span> <span class='ocrx_word' id='word_1_136' title='bbox 422 3208 574 3282; x_wconf 88' lang='lat' dir='ltr'>totidem</span> <span class='ocrx_word' id='word_1_137' title='bbox 593 3207 704 3304; x_wconf 89' lang='lat' dir='ltr'>hujus</span> <span class='ocrx_word' id='word_1_138' title='bbox 717 3209 856 3305; x_wconf 89' lang='lat' dir='ltr'>generis</span> <span class='ocrx_word' id='word_1_139' title='bbox 873 3209 1019 3298; x_wconf 87' lang='lat' dir='ltr'>formas,</span> <span class='ocrx_word' id='word_1_140' title='bbox 1029 3235 1146 3309; x_wconf 87' lang='lat' dir='ltr'>quum</span> <span class='ocrx_word' id='word_1_141' title='bbox 1160 3214 1321 3311; x_wconf 92' lang='lat' dir='ltr'>primum</span> 
     </span>
     <span class='ocr_line' id='line_1_22' title="bbox 272 3331 1318 3434; baseline 0.003 -27"><span class='ocrx_word' id='word_1_142' title='bbox 272 3348 453 3434; x_wconf 86' lang='lat' dir='ltr'>praecepta</span> <span class='ocrx_word' id='word_1_143' title='bbox 478 3333 661 3432; x_wconf 89' lang='lat' dir='ltr'>sapientiae</span> <span class='ocrx_word' id='word_1_144' title='bbox 691 3331 859 3405; x_wconf 90' lang='lat' dir='ltr'>homines</span> <span class='ocrx_word' id='word_1_145' title='bbox 879 3332 1042 3426; x_wconf 88' lang='lat' dir='ltr'>doceat,</span> <span class='ocrx_word' id='word_1_146' title='bbox 1062 3351 1103 3407; x_wconf 94' lang='lat' dir='ltr'>ut</span> <span class='ocrx_word' id='word_1_147' title='bbox 1122 3336 1318 3430; x_wconf 87' lang='lat' dir='ltr'>Hesiodus,</span> 
     </span>
    </p>
   </div>
   <div class='ocr_carea' id='block_1_7' title="bbox 271 3564 1320 4316">
    <p class='ocr_par' dir='ltr' id='par_1_7' title="bbox 271 3564 1320 4140">
     <span class='ocr_line' id='line_1_23' title="bbox 314 3564 1320 3650; baseline 0.004 -20"><span class='ocrx_word' id='word_1_148' title='bbox 314 3569 356 3649; x_wconf 83' lang='lat' dir='ltr'>(ll</span> <span class='ocrx_word' id='word_1_149' title='bbox 377 3569 422 3630; x_wconf 88' lang='lat' dir='ltr'>lta</span> <span class='ocrx_word' id='word_1_150' title='bbox 442 3565 566 3629; x_wconf 89' lang='lat' dir='ltr'>Bolaeus</span> <span class='ocrx_word' id='word_1_151' title='bbox 581 3582 645 3628; x_wconf 89' lang='lat' dir='ltr'>non</span> <span class='ocrx_word' id='word_1_152' title='bbox 665 3564 704 3627; x_wconf 92' lang='lat' dir='ltr'>de</span> <span class='ocrx_word' id='word_1_153' title='bbox 728 3564 939 3646; x_wconf 89' lang='lat' dir='ltr'>philosophico</span> <span class='ocrx_word' id='word_1_154' title='bbox 963 3571 1081 3629; x_wconf 89' lang='lat' dir='ltr'>tantum</span> <span class='ocrx_word' id='word_1_155' title='bbox 1098 3574 1248 3650; x_wconf 87' lang='lat' dir='ltr'>poemate,</span> <span class='ocrx_word' id='word_1_156' title='bbox 1266 3571 1320 3634; x_wconf 89' lang='lat' dir='ltr'>sed</span> 
     </span>
     <span class='ocr_line' id='line_1_24' title="bbox 274 3664 1318 3746; baseline 0 -16"><span class='ocrx_word' id='word_1_157' title='bbox 274 3667 357 3731; x_wconf 89' lang='lat' dir='ltr'>etde</span> <span class='ocrx_word' id='word_1_158' title='bbox 379 3671 445 3729; x_wconf 86' lang='lat' dir='ltr'>toto</span> <span class='ocrx_word' id='word_1_159' title='bbox 464 3664 650 3727; x_wconf 88' lang='lat' dir='ltr'>didascalico</span> <span class='ocrx_word' id='word_1_160' title='bbox 674 3681 799 3744; x_wconf 82' lang='lat' dir='ltr'>genere,</span> <span class='ocrx_word' id='word_1_161' title='bbox 824 3681 1002 3746; x_wconf 90' lang='lat' dir='ltr'>quanquam</span> <span class='ocrx_word' id='word_1_162' title='bbox 1023 3683 1061 3727; x_wconf 86' lang='lat' dir='ltr'>ex</span> <span class='ocrx_word' id='word_1_163' title='bbox 1075 3683 1113 3729; x_wconf 90' lang='lat' dir='ltr'>eo</span> <span class='ocrx_word' id='word_1_164' title='bbox 1127 3672 1247 3729; x_wconf 82' lang='lat' dir='ltr'>tantum</span> <span class='ocrx_word' id='word_1_165' title='bbox 1263 3668 1318 3731; x_wconf 87' lang='lat' dir='ltr'>sihi</span> 
     </span>
     <span class='ocr_line' id='line_1_25' title="bbox 272 3760 1318 3844; baseline 0 -15"><span class='ocrx_word' id='word_1_166' title='bbox 272 3765 376 3844; x_wconf 83' lang='lat' dir='ltr'>gloriae</span> <span class='ocrx_word' id='word_1_167' title='bbox 387 3762 568 3844; x_wconf 85' lang='lat' dir='ltr'>acquireret,</span> <span class='ocrx_word' id='word_1_168' title='bbox 582 3779 622 3823; x_wconf 88' lang='lat' dir='ltr'>ne</span> <span class='ocrx_word' id='word_1_169' title='bbox 635 3760 765 3823; x_wconf 88' lang='lat' dir='ltr'>verbum</span> <span class='ocrx_word' id='word_1_170' title='bbox 774 3760 901 3842; x_wconf 90' lang='lat' dir='ltr'>quidem</span> <span class='ocrx_word' id='word_1_171' title='bbox 915 3761 989 3824; x_wconf 85' lang='lat' dir='ltr'>fecit</span> <span class='ocrx_word' id='word_1_172' title='bbox 997 3786 1006 3840; x_wconf 90' lang='lat'>;</span> <span class='ocrx_word' id='word_1_173' title='bbox 1022 3763 1064 3825; x_wconf 86' lang='lat' dir='ltr'>ita</span> <span class='ocrx_word' id='word_1_174' title='bbox 1075 3765 1175 3844; x_wconf 87' lang='lat' dir='ltr'>utqui</span> <span class='ocrx_word' id='word_1_175' title='bbox 1188 3766 1318 3829; x_wconf 86' lang='lat' dir='ltr'>AEneida</span> 
     </span>
     <span class='ocr_line' id='line_1_26' title="bbox 272 3857 1319 3946; baseline 0.001 -20"><span class='ocrx_word' id='word_1_176' title='bbox 272 3871 303 3926; x_wconf 88' lang='lat' dir='ltr'>et</span> <span class='ocrx_word' id='word_1_177' title='bbox 321 3863 452 3941; x_wconf 86' lang='lat' dir='ltr'>Eclogas</span> <span class='ocrx_word' id='word_1_178' title='bbox 473 3858 657 3940; x_wconf 80' lang='lat' dir='ltr'>intelligenti</span> <span class='ocrx_word' id='word_1_179' title='bbox 672 3858 777 3922; x_wconf 88' lang='lat' dir='ltr'>laudet</span> <span class='ocrx_word' id='word_1_180' title='bbox 789 3857 1002 3936; x_wconf 82' lang='lat' dir='ltr'>admiratione,</span> <span class='ocrx_word' id='word_1_181' title='bbox 1018 3860 1057 3923; x_wconf 91' lang='lat' dir='ltr'>de</span> <span class='ocrx_word' id='word_1_182' title='bbox 1071 3864 1225 3942; x_wconf 83' lang='lat' dir='ltr'>Georgicis</span> <span class='ocrx_word' id='word_1_183' title='bbox 1240 3866 1319 3946; x_wconf 87' lang='lat' dir='ltr'>(qui-</span> 
     </span>
     <span class='ocr_line' id='line_1_27' title="bbox 271 3955 1317 4042; baseline 0.001 -18"><span class='ocrx_word' id='word_1_184' title='bbox 271 3961 329 4024; x_wconf 93' lang='lat' dir='ltr'>bus</span> <span class='ocrx_word' id='word_1_185' title='bbox 350 3960 422 4041; x_wconf 91' lang='lat' dir='ltr'>quid</span> <span class='ocrx_word' id='word_1_186' title='bbox 437 3957 596 4041; x_wconf 90' lang='lat' dir='ltr'>pulchrius</span> <span class='ocrx_word' id='word_1_187' title='bbox 615 3975 651 4020; x_wconf 87' lang='lat' dir='ltr'>ac</span> <span class='ocrx_word' id='word_1_188' title='bbox 671 3955 848 4038; x_wconf 69' lang='lat' dir='ltr'>perfectius</span> <span class='ocrx_word' id='word_1_189' title='bbox 870 3955 945 4037; x_wconf 89' lang='lat' dir='ltr'>quid</span> <span class='ocrx_word' id='word_1_190' title='bbox 969 3957 1092 4039; x_wconf 89' lang='lat' dir='ltr'>dignius</span> <span class='ocrx_word' id='word_1_191' title='bbox 1113 3960 1196 4042; x_wconf 88' lang='lat' dir='ltr'>quod</span> <span class='ocrx_word' id='word_1_192' title='bbox 1216 3962 1317 4042; x_wconf 83' lang='lat' dir='ltr'>poetis</span> 
     </span>
     <span class='ocr_line' id='line_1_28' title="bbox 272 4055 941 4140; baseline -0.006 -18"><span class='ocrx_word' id='word_1_193' title='bbox 272 4060 448 4140; x_wconf 84' lang='lat' dir='ltr'>exemplum</span> <span class='ocrx_word' id='word_1_194' title='bbox 462 4063 650 4140; x_wconf 89' lang='lat' dir='ltr'>proponatur</span> <span class='ocrx_word' id='word_1_195' title='bbox 657 4058 680 4134; x_wconf 76' lang='lat' dir='ltr'>t)</span> <span class='ocrx_word' id='word_1_196' title='bbox 694 4055 819 4119; x_wconf 89' lang='lat' dir='ltr'>omniuo</span> <span class='ocrx_word' id='word_1_197' title='bbox 834 4060 941 4118; x_wconf 85' lang='lat' dir='ltr'>taceat.</span> 
     </span>
    </p>

    <p class='ocr_par' dir='ltr' id='par_1_8' title="bbox 271 4154 1314 4316">
     <span class='ocr_line' id='line_1_29' title="bbox 312 4154 1314 4237; baseline 0.006 -20"><span class='ocrx_word' id='word_1_198' title='bbox 312 4158 352 4237; x_wconf 55' lang='grc' dir='ltr'>(ἢ)</span> <span class='ocrx_word' id='word_1_199' title='bbox 366 4157 408 4220; x_wconf 88' lang='lat' dir='ltr'>M.</span> <span class='ocrx_word' id='word_1_200' title='bbox 421 4155 519 4220; x_wconf 90' lang='lat' dir='ltr'>Patin.</span> <span class='ocrx_word' id='word_1_201' title='bbox 536 4156 780 4219; x_wconf 66' lang='lat' dir='ltr'>Introduction&amp;</span> <span class='ocrx_word' id='word_1_202' title='bbox 796 4154 907 4218; x_wconf 74' lang='lat' dir='ltr'>l&#39;etude</span> <span class='ocrx_word' id='word_1_203' title='bbox 919 4157 962 4218; x_wconf 78' lang='lat' dir='ltr'>dat</span> <span class='ocrx_word' id='word_1_204' title='bbox 973 4157 1083 4219; x_wconf 69' lang='lat' dir='ltr'>Poeme</span> <span class='ocrx_word' id='word_1_205' title='bbox 1096 4159 1132 4220; x_wconf 87' lang='lat' dir='ltr'>de</span> <span class='ocrx_word' id='word_1_206' title='bbox 1145 4158 1176 4220; x_wconf 82' lang='lat' dir='ltr'>la</span> <span class='ocrx_word' id='word_1_207' title='bbox 1188 4161 1314 4223; x_wconf 78' lang='lat' dir='ltr'>Nature.</span> 
     </span>
     <span class='ocr_line' id='line_1_30' title="bbox 271 4256 360 4316; baseline -0.011 0"><span class='ocrx_word' id='word_1_208' title='bbox 271 4256 360 4316; x_wconf 77' lang='lat'><strong>1856.</strong></span> 
     </span>
    </p>
   </div>
   <div class='ocr_carea' id='block_1_8' title="bbox 0 0 1456 5016">
    <p class='ocr_par' dir='ltr' id='par_1_9' title="bbox 0 0 1456 5016">
     <span class='ocr_line' id='line_1_31' title="bbox 0 0 1456 5016; baseline 0 3"><span class='ocrx_word' id='word_1_209' title='bbox 0 0 1456 5016; x_wconf 95' lang='lat' dir='ltr'> </span> 
     </span>
    </p>
   </div>
  </div>
 </body>
</html>
