2902 5016
190 424 221 473 58
488 422 529 473 llll
546 420 763 473 annosorum}
781 421 935 473 Pumilus

188 541 416 614 contenderit
442 543 510 614 hos
538 568 675 634 versus,
710 559 752 614 ut
788 568 808 613 a
842 540 1026 616 Macrobio
1052 542 1088 612 in
1114 541 1234 639 primo

188 664 296 755 libro,
322 666 371 737 ita
397 692 418 738 a
447 669 563 739 Nonio
590 669 626 738 in
651 682 783 764 quarto
804 667 917 738 lectos
934 667 1056 755 fuisse,
1079 690 1235 764 eamque

188 790 429 877 iterationem,
453 791 481 862 si
502 806 618 890 poetae
641 791 878 863 adscribenda
898 792 957 882 sit,
977 791 1150 890 pauperis
1176 789 1233 861 in-

188 916 282 1011 genii
302 940 344 986 ac
368 916 504 987 nullius
524 915 651 1012 judicii
675 916 797 1006 fuisse,
829 941 989 1016 quorum
1006 930 1179 987 neutrum
1197 916 1234 986 in

188 1041 397 1111 Lucretium
420 1041 529 1130 cadit,
559 1040 643 1112 inde
663 1041 799 1137 colligit
826 1041 1004 1140 poematis
1031 1039 1232 1130 editorem,

188 1189 304 1261 quum
329 1165 470 1235 nullum
499 1164 593 1235 libro
623 1181 754 1262 quarto
782 1166 1043 1263 prooemiuma
1069 1165 1235 1236 Lucretio

188 1291 363 1387 scriptum
387 1288 553 1380 haberet,
576 1289 698 1360 locum
722 1291 1058 1387 praestantissimum
1075 1314 1096 1361 e
1113 1291 1235 1387 primo

186 1412 282 1485 libro
298 1413 336 1483 in
349 1413 448 1484 hunc
467 1439 574 1485 usum
588 1415 785 1512 repetiisse.
806 1412 927 1504 Quod,
946 1414 1045 1486 docti
1063 1414 1132 1484 viri
1145 1437 1235 1512 pace

187 1536 352 1627 dixerim,
374 1537 497 1608 credat
515 1538 656 1609 Iudaeus
676 1538 820 1634 Apella,
842 1565 913 1610 non
932 1565 1008 1638 ego,
1028 1544 1119 1610 Nam
1137 1537 1235 1609 unde

187 1663 245 1734 isti
270 1661 401 1734 editori
425 1687 467 1734 ea
495 1662 618 1734 venire
646 1664 807 1761 potuerit
837 1663 989 1734 audacia
1013 1677 1055 1733 ut
1084 1687 1153 1760 pro
1171 1687 1236 1734 sua

186 1785 334 1858 libidine
346 1802 446 1857 tanta
460 1801 716 1878 commutaret,
728 1812 770 1858 ea
782 1787 947 1878 stultitia,
962 1802 1003 1857 ut
1018 1811 1099 1886 quae
1113 1811 1236 1858 emen-

187 1910 274 1987 dare
298 1911 406 1982 vellet
431 1909 589 1982 absurda
608 1911 752 1983 vitiaret
778 1912 1017 2010 repetitione?
1043 1917 1120 1983 Hoc
1145 1937 1231 2010 pro-

187 2035 281 2106 lecto
307 2044 382 2106 non
404 2036 440 2105 in
461 2035 642 2106 Poliniaco
661 2061 728 2107 suo
748 2035 888 2107 lecisset
909 2035 1136 2127 Rothelinus,
1172 2038 1237 2134 qui

186 2159 294 2231 amici
321 2183 462 2257 sparsas
489 2184 531 2231 ac
557 2160 721 2232 confusas
754 2159 903 2230 schedas
933 2161 970 2230 in
1001 2160 1098 2231 hunc
1124 2186 1236 2257 quem

187 2280 367 2353 habemus
384 2282 548 2354 ordinem
570 2282 766 2381 disposuit;
788 2282 923 2353 nedum
943 2283 1087 2354 credam
1106 2283 1143 2354 in
1164 2289 1236 2354 Lu·

187 2408 300 2478 cretio
310 2407 435 2478 fecisse
445 2408 669 2494 Ciceronem,
680 2408 855 2495 Quintum
864 2406 960 2498 dico,
972 2433 1046 2479 non
1056 2413 1233 2498 Marcum,

186 2556 270 2602 nam
291 2533 341 2602 sic
360 2531 570 2626 Hieronymi
592 2533 840 2602 testimonium
859 2533 960 2629 prius
978 2533 1236 2630 interpretatus

187 2671 240 2726 est
258 2655 524 2743 LachmannuS,
548 2681 657 2753 quem
677 2656 801 2754 plures
820 2656 903 2728 inde
925 2658 1038 2727 secuti
1061 2673 1146 2728 sunt
1167 2661 1218 2753 (1)

187 2779 249 2852 sed
268 2781 304 2852 in
322 2779 450 2852 studiis
466 2781 632 2879 poeticis,
650 2805 726 2852 non
746 2781 866 2852 minus
881 2805 993 2878 quam
1012 2781 1123 2852 frater
1142 2798 1231 2868 erat,

169 2903 171 2909 ’
186 2906 483 2978 versatissimum.

235 3035 309 3105 Cur
327 3045 449 3102 autem
464 3031 501 3101 in
520 3054 559 3100 re
576 3043 651 3100 tam
670 3028 766 3100 facili
788 3028 880 3100 adeo
896 3027 1039 3100 laborat
1059 3029 1115 3101 vir
1133 3053 1233 3126 saga-

185 3154 350 3226 cissimus
372 3178 413 3224 ac
432 3153 685 3224 doctissimus?
702 3158 792 3224 Cum
807 3153 884 3250 ipse
900 3152 1056 3224 fateatur
1072 3178 1135 3224 eos
1152 3178 1233 3225 ver-

186 3303 246 3350 sus
276 3276 323 3348 ab
350 3293 508 3376 utroque
536 3277 619 3350 loco
640 3301 715 3348 non
746 3277 882 3348 alienos
907 3301 995 3366 esse,
1025 3278 1233 3350 Lucretium

186 3418 308 3474 autem
330 3429 424 3502 opus
438 3429 545 3474 suum
560 3427 635 3474 non
652 3401 864 3491 absolvisse,
886 3401 950 3499 qui
968 3401 1009 3472 fit
1024 3417 1066 3473 ut
1086 3427 1162 3473 non
1180 3403 1229 3475 vi-

187 3525 269 3599 deat
286 3528 388 3627 quod
406 3528 443 3599 in
462 3527 602 3620 oculos,
627 3543 669 3599 ut
688 3528 739 3598 ita
753 3527 884 3614 dicam,
904 3527 1077 3620 incurrit,
1100 3527 1235 3599 scilicet

185 3667 331 3749 poetam
352 3651 472 3750 ipsum
494 3676 609 3748 quum
627 3651 893 3750 pulcherrimos
915 3677 1040 3724 versus
1057 3653 1095 3723 in
1114 3654 1234 3751 primo

186 3775 281 3848 libro
304 3776 513 3874 scripsisset,
542 3791 578 3847 et
601 3779 727 3873 postea
747 3778 967 3874 prooemium
989 3776 1083 3849 libro
1102 3792 1235 3874 quarto

228 3979 268 4061 (l)
289 3979 365 4041 Vide
378 3979 553 4058 elegantem
567 3978 859 4042 commentationem
873 3980 1028 4061 Rudolphi
1041 3981 1233 4057 Bouterwek‚

188 4075 375 4138 Lucretiana·
399 4083 576 4158 questiones
601 4083 807 4157 qrammatieae
830 4087 858 4139 et
883 4083 999 4140 criticae.
1029 4078 1113 4140 Halis
1143 4080 1236 4143 Saxo·

195 4192 286 4249 num,
300 4177 395 4252 1861,
411 4195 440 4255 p.
455 4178 484 4238 3.
