2902 5016
210 457 257 508 l2.
512 455 552 504 ntt
569 454 784 505 tttttosottttct
802 455 956 505 rutnans

207 573 370 659 miltiade
393 574 497 644 beuta
525 577 617 655 vita,
647 601 740 672 quos
766 601 813 646 ne
834 575 895 646 hic
921 591 963 646 ut
987 599 1144 673 persaepe
1167 577 1255 649 alias

206 697 351 788 laudem
375 723 417 769 ac
445 698 635 794 praedicem
666 698 836 796 prohibet
861 701 1105 790 verecundia,
1137 726 1254 798 quan·

207 847 317 918 quam
346 823 382 893 in
409 824 574 893 omnium
600 823 766 894 manibus
785 849 860 894 esse
878 824 1001 913 velim,
1028 825 1165 922 quippe
1189 825 1254 921 qui

206 945 252 1016 ad
271 945 309 1016 id
327 947 502 1043 aptissimi
526 947 597 1017 sint
622 948 687 1043 qui
712 945 759 1017 ad
789 945 908 1018 bonos
929 972 1074 1036 sensus,
1101 946 1147 1017 ad
1165 973 1255 1020 con·

205 1069 387 1156 cordiam,
428 1070 476 1140 ad
508 1070 814 1157 moderationem,
848 1070 894 1141 ad
929 1071 1163 1168 sapientiam,
1189 1097 1255 1143 seu

205 1193 387 1288 cogitandi
411 1195 576 1284 veritate,
606 1220 670 1267 seu
691 1194 836 1265 dicendi
863 1195 1039 1266 suavitate
1056 1194 1253 1290 legentium
1280 1263 1283 1270 .

205 1316 346 1386 animos
375 1316 576 1413 impellant.
610 1316 680 1388 Sed
709 1332 831 1388 tamen
858 1315 970 1389 habet
994 1316 1032 1385 in
1064 1343 1101 1388 se
1133 1321 1254 1415 poesis

204 1441 326 1510 neseio
345 1440 435 1537 quid
461 1466 536 1537 quo
563 1441 600 1510 in
620 1457 757 1511 mentes
779 1440 916 1511 facilius
934 1441 1109 1530 insinuet,
1132 1456 1169 1512 et
1198 1443 1252 1513 al-

204 1565 276 1635 tius
315 1579 501 1661 penetret,
536 1579 572 1636 et
605 1563 769 1636 stabilius
806 1564 1017 1637 inhaerescat
1041 1566 1116 1660 (1),
1149 1580 1253 1636 etex
1288 1662 1290 1666 .

204 1688 282 1759 aliis
306 1688 353 1759 ad
373 1690 463 1761 alios
484 1690 788 1762 communicando
804 1705 981 1776 transeat,
1003 1715 1044 1761 ac
1057 1690 1157 1761 velut
1175 1691 1253 1786 ipse

204 1811 293 1887 dixit
310 1829 440 1911 poeta,
467 1844 484 1879 a
501 1814 628 1886 volitet
644 1839 792 1912 perora
810 1814 942 1885 virum.
962 1845 979 1880 »

252 1943 369 2025 Quam
400 1939 430 2008 si
456 1939 530 2008 vim
563 1939 820 2035 potentissimae
849 1937 1009 2032 ejusdem
1041 1963 1083 2008 ao
1116 1937 1250 2011 dulcis·

203 2066 300 2134 simae
315 2062 401 2133 artis
417 2061 463 2132 ad
478 2086 564 2133 vera
578 2076 614 2132 et
628 2061 729 2133 utilia
745 2059 981 2150 enuntianda,
998 2061 1085 2132 salsa
1096 2061 1253 2134 funesta·

203 2212 275 2284 que
291 2186 487 2259 refellenda
510 2201 626 2285 poetae
643 2201 879 2275 convertant,
896 2187 978 2283 quis
999 2184 1143 2258 dubitat
1161 2187 1251 2283 quin

203 2313 352 2410 optime,
367 2327 408 2384 ut
419 2311 465 2383 de
479 2312 642 2382 humano
659 2335 800 2406 genere,
823 2311 873 2381 sic
891 2309 990 2381 etde
1011 2335 1079 2383 suo
1102 2315 1251 2382 nomine

203 2436 430 2506 mereantur?
448 2436 514 2507 Cui
528 2436 557 2506 si
573 2435 761 2506 consulere
781 2435 906 2524 velint,
925 2459 968 2507 ea
982 2460 1114 2532 nempe
1129 2438 1252 2507 certis·

202 2560 291 2629 sima
307 2557 354 2629 ad
369 2558 513 2629 laudem
532 2559 611 2648 via3
628 2584 739 2655 quam
761 2573 881 2630 tamen
899 2559 1066 2631 nonnulli
1084 2559 1140 2631 his
1159 2576 1251 2631 tem-

201 2682 353 2781 poribus
385 2683 536 2756 feliciter
568 2684 715 2778 ingressi
748 2684 869 2754 nescio
906 2707 972 2753 our
1000 2681 1247 2772 deseruerint,

105 2798 107 2803 ¹
203 2832 347 2902 magno,
364 2809 401 2878 ni
420 2807 539 2894 fallor,
555 2807 679 2902 gloriae
692 2831 764 2877 suae
780 2807 1013 2878 detrimento.
1028 2812 1118 2878 Nam
1133 2832 1248 2902 quum

201 2947 379 3004 nostrates
413 2931 599 3003 laboribus
631 2957 673 3002 ac
710 2931 981 3004 necessitatibus
1013 2930 1166 3002 districti
1197 2932 1249 3003 nil

198 3056 273 3151 jam
306 3058 462 3128 otiosum
492 3055 707 3144 admittant,
727 3070 763 3126 et
788 3055 912 3150 gliscat
942 3056 979 3126 in
1008 3054 1086 3125 dies
1121 3079 1248 3126 earum

86 3213 88 3216 ·
200 3204 322 3251 rerum
354 3204 441 3250 cura
473 3203 555 3276 quae
578 3178 679 3249 utilia
706 3180 798 3269 sint,
826 3179 909 3250 inde
937 3179 997 3269 fit,
1030 3183 1173 3276 opinor,
1207 3194 1249 3250 ut

200 3303 373 3400 pleraque
389 3307 507 3402 poesis
527 3327 668 3398 genera,
690 3301 736 3374 ab
761 3303 831 3374 hac
855 3319 979 3375 nostra
1002 3306 1075 3375 vita
1098 3329 1248 3402 prorsus

199 3428 328 3516 aliena,
356 3429 585 3522 languescere
601 3442 665 3498 aut
692 3426 918 3499 obsolescere
940 3426 1143 3514 videantur,
1164 3432 1246 3499 Mu·

239 3615 275 3690 (t)
297 3612 500 3687 Quamobrem
528 3612 567 3674 ad
601 3611 811 3674 informandos
840 3612 930 3674 honis
960 3610 1099 3674 moribus
1131 3628 1247 3689 pueros
1302 3645 1312 3659 κ

199 3710 286 3772 multi
300 3728 382 3790 saepe
395 3718 544 3790 praesepta
557 3708 694 3772 versibus
706 3709 895 3784 docuerunt,
912 3714 946 3770 ut
959 3711 1041 3788 apud
1057 3714 1178 3771 nostros
1193 3707 1248 3771 ho·

198 3807 294 3869 mines
307 3809 374 3868 XVI
388 3807 492 3868 seculo
507 3807 664 3881 Pibracus,
678 3806 789 3868 nostris
803 3808 866 3868 fere
885 3805 1075 3886 temporibus
1088 3807 1184 3868 Morel
1205 3805 1246 3868 de

197 3905 306 3977 Vinde,
320 3906 408 3983 cujas
424 3905 612 3966 Tetrasticha
623 3903 852 3983 elegantissimis
862 3903 981 3983 elegise
995 3909 1131 3965 nostrate
1141 3903 1246 3984 lingua

198 4003 229 4062 in
250 4001 374 4064 latinam
393 4009 511 4064 vertere
532 4019 594 4063 non
617 4001 797 4080 dedignatus
818 4012 864 4063 est
878 4002 930 4062 Vir
949 4000 1140 4063 Clarissimus
1162 4002 1245 4063 los.-

197 4098 274 4160 Vict.
302 4099 343 4160 Le
364 4099 460 4161 Clerc.
484 4100 528 4158 De
554 4098 669 4177 Officiis
692 4099 732 4158 act
751 4117 865 4175 pueros
891 4099 1087 4173 tetrasticha,
1118 4096 1245 4180 Lutetiae

198 4194 391 4271 Parisiorum,
406 4192 435 4257 M
439 4194 636 4256 .DCCC.XVI.
