2902 5016
400 426 588 479 corrutone
606 427 687 478 arun
704 428 892 482 uucnartuu.
1054 406 1058 415 ’
1136 437 1169 485 n

126 569 219 643 opus
246 569 353 616 suum
378 561 655 644 comportasset,
688 548 751 619 sed
780 549 941 647 elegisset
967 551 1096 646 magis,
1126 575 1169 621 ac

126 668 299 774 nonnulla
309 685 350 741 ut
357 673 467 742 Musis
476 670 620 768 indigna
627 672 920 770 praetermisisset.
931 678 992 766 Ac,
1002 673 1167 762 nifallor,

126 794 220 865 iniis
238 794 400 887 demum,
416 809 458 867 ut
475 811 596 893 poeta,
620 798 767 890 erravit,
786 798 823 868 in
841 796 974 895 quibus
993 798 1171 896 Epicurus

124 931 166 988 ut
181 917 422 1016 philosophus
437 933 629 992 erraverat.
647 925 736 992 Nam
749 920 838 1017 quid
857 921 1062 1012 clinamine,
1080 922 1170 1020 quid

125 1041 325 1114 simulacris
338 1042 543 1136 absurdius,
558 1044 749 1142 dequibus
762 1071 886 1118 versus
900 1046 990 1119 adeo
1005 1045 1171 1144 illepidos

126 1181 162 1238 et
174 1168 294 1239 omnis
310 1169 460 1265 poeticae
475 1170 672 1241 venustatis
690 1185 852 1269 expertes
862 1195 980 1270 nuper
991 1170 1170 1243 vidimus?

124 1296 216 1363 Tum
238 1307 365 1365 contra
383 1301 534 1390 magnus
557 1309 594 1366 et
612 1293 775 1367 sublimis
790 1310 899 1393 poeta
917 1309 1031 1394 patet,
1054 1320 1170 1392 quum
1272 1378 1275 1384 ,

125 1440 224 1507 vera,
246 1417 300 1489 vel
322 1417 449 1489 saltem
469 1418 622 1491 multam
643 1420 716 1491 veri
737 1434 878 1519 partem
895 1419 932 1492 in
947 1446 985 1493 se
998 1419 1171 1494 habentia

126 1544 303 1631 enuntiat,
334 1559 375 1617 ut
399 1570 419 1617 e
440 1544 623 1644 plerisque
647 1544 736 1616 loeis
761 1569 854 1641 quos
875 1546 1107 1619 recitavimus
1129 1570 1171 1616 ac

126 1663 354 1736 laudavimus
384 1664 614 1737 manifestum
640 1679 707 1736 est.
739 1665 836 1754 Quid
863 1668 959 1738 enim
983 1667 1103 1739 verius
1130 1691 1173 1738 ac

86 1847 90 1862 .
128 1785 318 1859 sublimius
337 1788 397 1860 itta
421 1788 587 1860 omnium
612 1788 875 1860 elementorum
899 1791 1101 1862 mutatione
1130 1814 1173 1863 ac

126 1913 361 1985 conversione
387 1939 467 2012 quae
489 1938 611 1985 rerum
637 1938 816 1984 summam
840 1915 1014 1987 continuo
1039 1915 1173 1986 novat?

126 2036 220 2125 Quid
240 2052 418 2135 perpetuo
440 2037 503 2109 illo
521 2052 659 2109 naturae
681 2053 783 2110 motu
803 2063 879 2137 quo
902 2040 969 2137 ipsi
992 2039 1170 2136 rapimur,

126 2161 216 2233 dum
246 2161 332 2233 falsa
360 2163 491 2259 quietis
520 2162 673 2258 imagine
702 2161 841 2261 decepti
870 2161 1074 2234 immobiles
1098 2188 1174 2235 esse

126 2286 220 2357 inter
235 2284 436 2357 immobilia
454 2284 560 2358 nobis
577 2285 765 2358 videmur?
784 2286 881 2375 Quid
901 2286 963 2360 illo
984 2287 1110 2358 mortis
1130 2311 1172 2359 ac

128 2411 207 2480 vitae
225 2408 348 2481 duello
367 2408 467 2506 quod
484 2425 617 2481 terram
635 2434 825 2506 nunquam
843 2435 919 2481 non
938 2409 1171 2480 morientium

126 2533 328 2633 ploratibus
351 2559 393 2605 ac
414 2537 637 2606 nascentium
660 2532 837 2631 vagitibus
859 2535 1054 2635 personat?
1076 2533 1173 2623 Quid

127 2676 248 2732 autem
263 2659 381 2731 dicam
394 2660 440 2732 de
451 2675 507 2732 tot
519 2659 596 2730 aliis
612 2658 701 2731 locis
716 2662 881 2730 omnium
896 2660 1070 2732 memoria
1084 2659 1174 2731 cele·

126 2784 251 2878 bratis,
264 2784 310 2856 de
320 2785 462 2856 miseria
470 2784 643 2876 hominis,
654 2784 700 2856 de
711 2809 795 2856 vera
804 2784 984 2872 felicitate,
997 2783 1043 2855 de
1055 2808 1176 2855 aman·

128 2912 220 2982 tium
237 2909 439 2999 doloribus,
460 2909 505 2981 de
523 2910 649 3009 primis
664 2907 875 2981 hominibus
893 2909 1100 3005 artiumque
1117 2908 1173 2978 in-

128 3035 297 3106 ventione
316 3035 392 3132 (l)?
413 3040 539 3106 Nonne
557 3036 594 3105 in
614 3035 655 3105 iis
675 3049 716 3105 ut
734 3033 925 3132 pulchram
943 3032 1104 3135 poesim,
1124 3031 1175 3104 sic

128 3175 165 3231 et
181 3184 305 3231 veram
327 3158 598 3257 philosophiam
621 3159 816 3231 miramur?
835 3158 936 3230 Unde
958 3172 1055 3229 recte
1071 3140 1175 3228 colli·

128 3286 257 3382 gimus,
283 3285 313 3356 si
332 3284 520 3356 mendacio
546 3284 706 3355 carmina
722 3308 865 3382 semper
886 3281 1001 3354 amica
1024 3282 1171 3374 fuerint,

129 3425 170 3481 ut
186 3410 361 3482 Fontanio
379 3424 505 3480 nostro
520 3407 657 3506 placuit
671 3408 737 3506 (2),
759 3408 901 3481 veritati
929 3405 1057 3479 eadem
1082 3407 1174 3478 ami·

129 3534 228 3606 ciora
248 3558 346 3627 esse;
364 3548 400 3605 et
416 3532 462 3605 ad
476 3532 685 3631 praeclaram
704 3532 810 3604 Bolaei
829 3533 1044 3605 senteutiam
1064 3532 1173 3604 redu-

170 3862 209 3946 (t)
231 3863 325 3926 Multa
345 3881 383 3926 ex
402 3861 451 3924 his
467 3862 547 3944 apud
565 3862 729 3942 Epicurum
741 3863 919 3942 invenerat,
936 3869 970 3926 ut
985 3881 1024 3926 ex
1044 3861 1176 3944 epistola

130 3961 170 4026 ad
184 3965 372 4026 Menoeceum
383 3967 475 4043 patet.
490 3960 569 4024 Vide
583 3959 708 4044 Diogen.
719 3963 827 4039 Laert,
839 3963 878 4027 X.

166 4119 204 4184 (²)
241 4137 255 4165 α
275 4117 314 4172 Le
327 4129 477 4186 mensonge
491 4119 519 4170 et
531 4112 572 4169 les
585 4127 646 4169 vers
659 4111 694 4169 de
706 4121 770 4171 tous
784 4120 874 4186 temps
887 4123 950 4170 sont
963 4113 1042 4170 amis.
1063 4135 1077 4164 »

642 4207 701 4272 ἐξῆν,
713 4201 805 4271 (Lirre
819 4204 856 4271 11,
872 4201 943 4260 table
957 4205 994 4271 1.)

1020 4306 1035 4354 4
