2902 5016
400 495 588 549 commotu
605 495 688 549 APUD
706 488 893 548 tranantur.
1137 503 1168 550 37

173 616 277 690 Unde
299 617 390 689 mihi
417 619 623 690 Lucretium
657 617 788 714 legenti
818 643 977 718 persaepe
1007 619 1170 690 animum

126 740 237 814 subiit
257 743 427 840 cogitatio
451 742 525 815 duo
544 743 674 833 fuisse,
695 757 737 813 ut
754 743 805 814 ita
824 743 956 835 dicam,
973 746 1169 843 Epicureo-

110 894 209 942 rum
226 893 376 965 genera,
401 867 491 941 duas
510 868 654 940 formas.
675 873 811 940 Eorum
833 869 957 956 alteri,
985 895 1100 966 quum
1118 873 1171 940 ni·
1209 959 1211 963 Ι

126 993 179 1064 hil
196 1008 328 1091 praeter
348 994 444 1065 hanc
459 993 573 1066 vitam
589 1009 849 1093 exspectarent,
866 1019 907 1066 ea
925 995 1052 1067 saltem
1069 1011 1167 1067 uten-

126 1119 216 1192 dum
226 1143 269 1190 ao
278 1118 473 1191 fruendum
487 1144 562 1191 esse
577 1118 804 1215 colligebant.
822 1119 850 1190 li
863 1144 994 1218 nempe
1008 1149 1025 1186 α
1038 1121 1075 1191 in
1089 1113 1171 1192 rosa

125 1243 360 1343 potabant»,
384 1259 426 1315 ut
449 1244 508 1315 ille
530 1248 572 1316 L.
590 1243 745 1316 Thorius
768 1243 899 1316 Balbus
924 1243 969 1316 de
995 1270 1070 1342 quo
1095 1260 1171 1317 tam

126 1367 310 1442 luculente
329 1369 465 1441 Tullius
490 1367 632 1440 disserit
654 1369 726 1465 (1);
747 1371 870 1469 cupidi
895 1370 1111 1469 voluptatis,
1136 1386 1172 1442 et

127 1493 286 1589 cujusvis
300 1495 440 1590 generis
456 1483 533 1590 ejus
551 1494 801 1590 intelligentes,
814 1495 861 1566 ad
874 1495 912 1568 id
930 1511 1072 1568 tantum
1092 1520 1171 1567 mo-

126 1617 244 1690 riendi
256 1618 504 1690 necessitatem
519 1617 806 1691 recordabantur
825 1645 900 1718 quo
918 1618 1172 1717 properantius

127 1741 274 1815 delicias
283 1742 445 1840 undique
458 1743 666 1827 haurirent,

374 1922 449 1977 Dum
463 1935 519 1991 res,
532 1928 560 1977 et
570 1929 647 1990 aeras,
661 1929 690 1978 et
703 1935 830 1978 sororum

375 2008 433 2065 Fila
444 2009 530 2066 trium
541 2016 700 2081 paterentur
712 2016 783 2066 atra.

126 2177 180 2245 De
195 2172 338 2270 reliquo
357 2171 657 2270 tranquillitatem
683 2173 794 2244 animi
811 2188 869 2263 et,
890 2197 1002 2270 quam
1029 2197 1172 2243 nuncu·

126 2295 277 2397 pabaut‚
295 2299 459 2396 ἀταραξίαν
484 2322 712 2396 summopere
731 2296 953 2395 quaerebant.
978 2297 1088 2369 Alteri
1107 2322 1173 2368 au·

126 2438 201 2495 tem
226 2447 268 2494 ex
286 2421 412 2495 iisdem
436 2422 622 2522 principiis
642 2423 786 2520 egressi,
807 2422 950 2494 diverso
976 2422 1104 2494 itinere
1127 2421 1173 2493 ad

126 2547 236 2620 finem
253 2549 361 2647 plane
384 2548 607 2621 contrarium
634 2546 891 2639 deveniebant3
915 2545 1049 2645 quibus
1076 2562 1173 2619 terra

126 2673 231 2772 quasi
247 2674 345 2771 regio
359 2673 500 2746 deserta
514 2689 625 2771 atque
641 2673 783 2761 infesta,
799 2673 902 2745 malis
916 2688 1026 2770 atque
1045 2697 1173 2744 aerum·

125 2799 182 2870 nis
197 2815 350 2892 scatens,
369 2800 405 2871 in
421 2824 531 2897 quam
547 2798 660 2869 homo
679 2798 755 2869 fato
770 2797 909 2871 crudeli
925 2797 1120 2886 demissus,

339 2983 372 3032 ut
383 2975 463 3034 savis
476 2975 615 3048 proJ'ectus
629 2974 664 3031 ab
679 2972 760 3030 undis
774 2974 881 3040 Navita,

125 3161 210 3208 cum
229 3136 371 3208 invictis
395 3160 515 3208 rerum
538 3134 697 3225 viribus,
719 3132 848 3206 debilis
869 3149 981 3231 atque
1009 3133 1170 3219 inermis,

125 3259 221 3334 mala
252 3259 398 3333 fortuna
426 3261 679 3359 componitur,
708 3284 829 3357 neque
851 3259 945 3330 ullos
973 3272 1036 3330 aut
1065 3257 1173 3329 flores

126 3401 190 3458 aut
222 3385 361 3457 fructus
383 3386 522 3485 carpit,
548 3385 636 3483 quin
662 3389 782 3455 amari
804 3383 945 3482 aliquid
967 3383 1170 3454 immixtum

124 3511 298 3584 inveniat.
330 3514 384 3583 De
402 3511 476 3582 vita
493 3511 602 3608 igitur
622 3509 715 3582 bene
731 3535 773 3581 ac
792 3509 897 3581 beate
918 3506 1172 3580 constituenda

124 3661 211 3708 cum
229 3635 476 3734 desperarent,
492 3660 601 3706 vanas
623 3651 659 3707 et
675 3649 866 3733 corruptas
881 3633 1086 3732 voluptates
1103 3656 1175 3703 res·

124 3759 305 3859 puebant,
335 3759 522 3857 maestique
549 3759 755 3831 felicitatem
781 3757 1041 3857 deplorabant,
1069 3755 1174 3852 cujus

125 3908 227 3982 spem
244 3898 281 3955 et
304 3884 514 3983 cupidinem
528 3909 613 3955 cum
633 3899 764 3955 natura
777 3884 941 3956 humano
960 3882 1099 3982 pectori
1115 3882 1168 3952 in·

125 4009 274 4101 severit,
304 4008 383 4107 ipsa
409 4009 500 4081 fallit
520 4034 561 4080 ac
580 4008 680 4082 velut
708 4008 847 4081 irridet.
866 4013 984 4096 Quam
1005 4007 1172 4105 despera·

172 4272 215 4354 (l)
236 4271 679 4352 uicer.,nemnum,11‚ao.
