2902 5016
472 456 660 508 couniuntur
678 458 760 508 trun
777 458 966 508 tutatuta.

620 580 651 634 ln
667 578 781 634 luminis
794 592 857 633 oras

302 666 420 734 Tollere,
434 674 462 722 ct
474 665 586 723 incertis
600 667 701 723 crerint
714 666 887 722 committere
898 667 985 724 ventis
998 670 1044 734 (l),

197 859 318 939 nonue
332 860 412 906 cam
424 860 548 907 curam
559 838 785 932 agnoscimus
796 861 869 933 qua
877 836 1044 933 Virgilius
1056 851 1243 907 nascentes

198 958 350 1056 plantas,
369 974 410 1031 ut
426 960 476 1030 ita
492 960 624 1048 dicam,
639 960 893 1058 complectitur
906 985 947 1032 ac
962 960 1083 1034 fovet?
1100 961 1242 1058 Quippe

198 1082 261 1177 qui
282 1098 318 1153 et
338 1108 414 1153 rem
440 1098 476 1153 ct
500 1081 611 1154 verba
629 1083 665 1153 iu
688 1084 870 1180 Georgicis
891 1085 965 1155 suis
987 1083 1242 1182 amplificando

199 1207 373 1304 receperit
391 1205 623 1278 nobilissimis
640 1206 709 1277 illis
727 1205 913 1278 versibus:

302 1400 388 1470 Inque
401 1413 488 1455 novos
502 1396 573 1455 soles
584 1397 686 1454 audent
698 1414 726 1455 se
738 1398 863 1472 germina
876 1407 936 1456 tuto

302 1486 419 1543 Credere
430 1506 438 1555 ς
454 1502 506 1543 uec
520 1487 619 1544 metuit
631 1496 774 1559 surgentes
786 1488 933 1560 pampinus
946 1496 1065 1555 austros,

302 1582 359 1631 Aut
370 1584 462 1633 actum
474 1575 545 1632 coelo
558 1575 666 1650 maguis
676 1577 850 1649 aquilonibus
862 1577 979 1634 imbrem
992 1583 1039 1645 (2).

246 1760 295 1825 Ea
315 1770 399 1825 sunt
419 1754 528 1851 igitur
546 1779 627 1851 quae
648 1756 815 1826 Raciuius
836 1771 973 1846 noster,
998 1771 1039 1826 ut
1056 1756 1130 1852 jam
1153 1757 1243 1828 dixi-

198 1905 291 1965 mus,
327 1878 410 1950 ficta
443 1877 554 1950 verba
581 1878 829 1977 nuncupabat,
859 1895 894 1951 et
921 1881 957 1950 in
985 1878 1119 1978 quibus
1146 1871 1243 1952 aiiir-

199 2001 320 2073 mabat
339 2028 462 2074 veram
482 2028 558 2074 esse
572 2003 718 2074 laudem
733 2003 938 2075 didascalici
956 2020 1084 2102 poetae.
1107 2010 1144 2075 ln
1169 2030 1244 2103 quo

197 2128 370 2198 erravisse
397 2127 502 2198 uobis
526 2126 669 2199 videtur
694 2126 795 2225 quod
818 2152 860 2198 ea
883 2127 1080 2227 voluptatis
1103 2143 1243 2200 tantum

197 2230 305 2321 causa
329 2266 366 2322 et
388 2251 509 2322 solerti
532 2250 707 2322 industria
728 2251 806 2322 fieri
827 2250 997 2350 putabat,
1025 2277 1093 2323 nos
1115 2268 1245 2325 natura

198 2378 275 2475 ipsa
289 2379 470 2474 magistra,
488 2404 560 2476 qua
572 2393 688 2477 poetae
702 2377 804 2476 quod
817 2379 938 2449 animo
953 2381 1113 2450 sentiunt
1125 2380 1246 2451 verbis

198 2503 366 2574 esserunt.
386 2503 493 2591 Quod
510 2505 536 2574 si
552 2519 678 2600 pectus
694 2505 796 2576 ervis
813 2505 954 2595 meutiS,
971 2520 1013 2576 ut
1027 2504 1115 2577 dicit
1130 2505 1244 2593 Quin-

198 2628 357 2714 tilianus,
380 2626 532 2700 disertos
555 2627 709 2717 iaciunt,
738 2629 788 2698 sic
814 2653 834 2699 e
861 2628 1012 2698 mollitie
1034 2653 1075 2699 ac
1097 2628 1246 2701 lenitate

199 2752 325 2836 animi,
339 2783 355 2815 «
372 2767 408 2822 et
420 2751 579 2822 lacrimis
590 2776 725 2841 rerum,
740 2783 757 2817 o
775 2767 866 2823 elea
883 2766 1121 2849 mentequam
1138 2783 1154 2817 «
1169 2768 1245 2823 tan·

198 2891 286 2972 gunt
306 2875 470 2946 mortalia
487 2909 505 2942 υ
526 2875 682 2947 exundat
699 2891 809 2973 atque
826 2874 997 2946 exuberat
1014 2874 1147 2974 poesis,
1170 2901 1244 2947 non

198 2999 315 3071 solum
339 2998 438 3098 apud
456 2999 599 3071 dulcem
621 2999 722 3070 illum
745 2999 944 3096 Virgilium,
968 3025 1077 3097 quem
1096 2998 1244 3071 Parthe-

197 3129 295 3211 niau,
315 3138 405 3194 teste
420 3125 557 3208 Servin,
577 3121 758 3194 vocabant
776 3124 896 3213 amici,
917 3123 982 3195 scd
1000 3139 1037 3195 et
1054 3123 1153 3222 apud
1173 3128 1245 3194 Lu·

199 3248 367 3334 aretium,
385 3248 451 3318 etsi
466 3246 526 3318 bic
545 3247 657 3318 animi
672 3247 842 3319 virilioris
859 3249 916 3338 sit,
939 3264 975 3319 et
993 3264 1115 3319 maesto
1134 3263 1245 3346 atque

199 3370 329 3442 acerbo
344 3371 469 3443 dolore
481 3371 644 3443 lacrimas
658 3372 718 3468 (ne
731 3371 880 3442 uberius
893 3372 1104 3470 profundat,
1118 3372 1243 3469 credo)

199 3494 369 3567 cohibere
385 3520 427 3567 ac
445 3494 653 3568 combibere
671 3497 850 3568 videatur.

239 3729 278 3802 (l)
299 3728 429 3803 Lucret,
444 3728 480 3798 V,
492 3729 559 3788 rut.
573 3727 622 3789 Sic
634 3729 773 3804 Lachm.;
790 3728 975 3793 Lambinus:
989 3731 1246 3794 tentavitcrerlere

198 3843 233 3884 oe
256 3829 304 3884 tis.

234 3842 279 4001 il)
301 3921 416 4001 virgil,
435 3922 552 4002 Georp„
572 3925 605 3996 ll,
623 3926 691 3985 332.
