2902 5016
390 470 580 524 conntttotttt
595 469 677 521 APUD
694 469 882 522 tucnutruu.
1127 472 1155 522 tt

111 599 229 682 Quem
248 591 370 663 locum
390 616 432 663 ex
450 590 591 688 aliquot
610 587 831 661 Parmenidis
852 586 1012 659 versibus
1031 589 1154 659 aSim·

112 717 220 817 plicio
243 716 392 818 servatis
416 740 624 814 expressum
646 739 722 786 esse
746 714 853 812 plane
872 714 998 810 liquet.
1020 718 1157 813 Nempe

112 841 332 940 discipulum
346 855 473 912 monet
485 844 560 912 Dea
578 853 619 910 ut
635 837 682 911 ab
699 838 760 910 illa
779 837 962 936 quaerendi
980 838 1040 911 via
1056 863 1157 914 aver·

112 980 211 1039 tatur

473 1121 553 1196 ἥνδθ
538 1127 605 1203 ηβρ
607 1120 662 1184 oroi
677 1121 830 1190 siio'rse’i
785 1145 814 1181 ου
831 1119 858 1181 ὲν

251 1223 397 1292 πλάζονται
412 1221 577 1300 θίνιρανοι·’
563 1219 700 1299 αμηχανίη
715 1217 791 1299 γὰρ’
779 1243 806 1278 εν
821 1221 906 1279 αὐτῶν

256 1319 378 1393 στήθεσιν
396 1319 475 1380 ἰθύνει
485 1317 619 1394 πλαγκτὸν
639 1315 717 1377 νόον·
732 1319 756 1376 οἱ
771 1317 797 1376 δὲ
809 1322 946 1399 pupeienus

255 1419 339 1502 >torqui
353 1422 426 1497 ὁμῶς
439 1416 531 1498 τυφλοί
542 1440 582 1493 τε,
597 1413 749 1492 τεθηπότες,
765 1415 859 1496 ἄκριτα
874 1417 942 1497 φὐθια
959 1416 1007 1494 (i).

115 1589 216 1660 Unde
241 1602 371 1688 sponte
397 1587 485 1660 oriri
510 1585 654 1658 videtur
678 1587 879 1659 tristissima
904 1585 1018 1657 nostri
1043 1585 1160 1658 excla-

115 1713 225 1785 matio
245 1737 254 1782 z

255 1887 281 1945 0
294 1886 411 1944 miseras
422 1884 569 1943 hominum
581 1892 729 1955 montoso
745 1893 855 1957 pectora
868 1901 939 1943 eaeea
954 1889 1005 1954 (2)!

114 2045 209 2136 Quid
226 2046 327 2144 quod
346 2062 382 2120 et
402 2045 462 2118 illa
478 2047 555 2145 ipsa
574 2047 657 2117 vitae
675 2046 732 2117 via
751 2072 863 2143 quam
880 2062 1080 2144 quaerentes
1099 2072 1162 2119 eos

51 2239 58 2256 ,
114 2171 284 2262 ostendit,
302 2195 321 2242 e
340 2196 456 2268 graeco
471 2195 576 2241 versu
591 2171 655 2268 qui
670 2195 753 2241 mox
768 2171 934 2267 sequitur
946 2171 992 2242 ad
1009 2170 1160 2244 verbum

114 2309 302 2366 mutuatus
321 2295 396 2365 est?

254 2472 366 2535 Πάντων
377 2471 409 2532 δὲ
423 2471 599 2552 παλίντροπός
616 2474 673 2533 ἐστι
686 2474 806 2538 κέλευθος
822 2475 875 2553 (3).

162 2639 304 2730 Quibus
329 2640 359 2711 si
384 2639 422 2711 id
447 2655 589 2712 tantum
609 2641 774 2737 adjecero
794 2640 854 2736 (ne
881 2641 1018 2712 multus
1043 2643 1079 2712 in
1105 2639 1163 2711 his

114 2765 300 2864 principiis
322 2765 460 2861 videar)
483 2767 520 2836 in
535 2765 605 2838 alio
623 2765 844 2837 Parmenidis
857 2766 939 2837 loco
959 2766 1163 2836 Lucretium

114 2905 151 2961 et
177 2890 322 2961 illarum
347 2915 470 2961 rerum
497 2890 542 2962 de
568 2891 701 2988 quibus
726 2889 763 2961 in
790 2889 907 2961 media
935 2887 1020 2961 libri
1045 2890 1165 2987 quinti

115 3029 217 3113 parte
226 3015 393 3087 tractavit
404 3017 502 3087 velut
512 3015 699 3113 quoddam
709 3029 961 3111 argumentum
975 3015 1165 3102 invenisse,

115 3164 231 3237 quum
256 3139 416 3211 audienti
444 3145 518 3211 Dea
550 3141 654 3230 solis,
688 3155 724 3212 et
750 3139 862 3224 lunae,
894 3153 929 3210 et
958 3153 1163 3211 ceterorum

114 3288 195 3361 quae
213 3262 249 3334 in
268 3263 361 3335 coelo
382 3279 466 3335 sunt
482 3265 727 3360 cognitionem
748 3263 963 3363 polliceatur
982 3263 1052 3359 (t),
1079 3263 1163 3336 inde

114 3388 298 3460 neminem
323 3387 448 3459 latebit
474 3414 578 3478 eum,
606 3404 648 3459 ut
673 3386 937 3487 Empedoclen,
966 3386 1066 3483 quod
1088 3386 1164 3483 jam

115 3511 285 3586 omnibus
297 3511 473 3610 liquebat,
493 3513 544 3584 sic
556 3511 799 3584 Parmenideis
816 3493 978 3582 fontibus
998 3510 1166 3583 hortulos

116 3662 201 3710 suos
220 3636 432 3733 irrigavisse.

163 3839 205 3924 (t)
225 3838 400 3903 Parmenio.
417 3828 464 3920 ap.
478 3840 623 3902 Mullaoh.
642 3844 681 3903 to
696 3858 783 3922 seqq.

158 3939 198 4020 (2)
220 3940 313 4000 Lucr.
329 3939 363 4013 ll,
382 3936 597 4015 tartareum).

160 4037 201 4116 (3)
221 4035 398 4097 Parmenid.
411 4052 462 4114 ap.
476 4035 620 4097 Multaoh.
632 4038 682 4097 51.

159 4135 197 4215 (θ)
220 4131 399 4194 Parmenid.
430 4151 481 4212 ap.
511 4131 657 4194 Muila'ch.
687 4134 830 4195 133-143.
861 4134 950 4193 Lucr.
971 4132 1009 4207 V,
1035 4133 1167 4194 510-777

119 4229 285 4311 (Lachm.).

1009 4345 1027 4398 2
