<?xml version="1.0" encoding="UTF-8"?>
<!DOCTYPE html PUBLIC "-//W3C//DTD XHTML 1.0 Transitional//EN"
    "http://www.w3.org/TR/xhtml1/DTD/xhtml1-transitional.dtd">
<html xmlns="http://www.w3.org/1999/xhtml" xml:lang="en" lang="en">
 <head>
  <title>
</title>
<meta http-equiv="Content-Type" content="text/html;charset=utf-8" />
  <meta name='ocr-system' content='tesseract 3.04.00' />
  <meta name='ocr-capabilities' content='ocr_page ocr_carea ocr_par ocr_line ocrx_word'/>
</head>
<body>
  <div class='ocr_page' id='page_1' title='image "./dephilosophicip01higngoog_0047.png"; bbox 0 0 2902 5016; ppageno 0'>
   <div class='ocr_carea' id='block_1_1' title="bbox 207 467 958 522">
    <p class='ocr_par' dir='ltr' id='par_1_1' title="bbox 207 467 958 522">
     <span class='ocr_line' id='line_1_1' title="bbox 207 467 958 522; baseline -0.003 -1"><span class='ocrx_word' id='word_1_1' title='bbox 207 473 239 521; x_wconf 74' lang='lat'>⁴2</span> <span class='ocrx_word' id='word_1_2' title='bbox 510 471 551 520; x_wconf 82' lang='lat' dir='ltr'>DE</span> <span class='ocrx_word' id='word_1_3' title='bbox 567 467 784 521; x_wconf 83' lang='lat' dir='ltr'>PHILOSOPHIGI</span> <span class='ocrx_word' id='word_1_4' title='bbox 802 467 958 522; x_wconf 74' lang='lat' dir='ltr'>memus</span> 
     </span>
    </p>
   </div>
   <div class='ocr_carea' id='block_1_2' title="bbox 156 592 1253 689">
    <p class='ocr_par' dir='ltr' id='par_1_2' title="bbox 156 592 1253 689">
     <span class='ocr_line' id='line_1_2' title="bbox 156 592 1253 689; baseline 0 -27"><span class='ocrx_word' id='word_1_5' title='bbox 156 633 160 639; x_wconf 91' lang='lat'>·</span> <span class='ocrx_word' id='word_1_6' title='bbox 206 597 324 680; x_wconf 84' lang='lat' dir='ltr'>Quam</span> <span class='ocrx_word' id='word_1_7' title='bbox 347 592 401 663; x_wconf 90' lang='lat' dir='ltr'>rei</span> <span class='ocrx_word' id='word_1_8' title='bbox 423 592 601 664; x_wconf 83' lang='lat' dir='ltr'>rationem</span> <span class='ocrx_word' id='word_1_9' title='bbox 625 619 667 664; x_wconf 86' lang='lat' dir='ltr'>cx</span> <span class='ocrx_word' id='word_1_10' title='bbox 683 593 840 689; x_wconf 87' lang='lat' dir='ltr'>Epicuro</span> <span class='ocrx_word' id='word_1_11' title='bbox 858 592 1005 664; x_wconf 77' lang='lat' dir='ltr'>ductam</span> <span class='ocrx_word' id='word_1_12' title='bbox 1028 616 1102 663; x_wconf 89' lang='lat' dir='ltr'>esse</span> <span class='ocrx_word' id='word_1_13' title='bbox 1119 592 1253 664; x_wconf 89' lang='lat' dir='ltr'>iutelli-</span> 
     </span>
    </p>
   </div>
   <div class='ocr_carea' id='block_1_3' title="bbox 205 716 1255 1163">
    <p class='ocr_par' dir='ltr' id='par_1_3' title="bbox 205 716 1255 1163">
     <span class='ocr_line' id='line_1_3' title="bbox 206 716 1252 813; baseline 0.004 -29"><span class='ocrx_word' id='word_1_14' title='bbox 206 717 335 812; x_wconf 80' lang='lat' dir='ltr'>gimus,</span> <span class='ocrx_word' id='word_1_15' title='bbox 353 743 469 812; x_wconf 92' lang='lat' dir='ltr'>quum</span> <span class='ocrx_word' id='word_1_16' title='bbox 491 718 528 789; x_wconf 92' lang='lat' dir='ltr'>iu</span> <span class='ocrx_word' id='word_1_17' title='bbox 555 718 624 788; x_wconf 86' lang='lat' dir='ltr'>illis</span> <span class='ocrx_word' id='word_1_18' title='bbox 653 716 978 789; x_wconf 84' lang='lat' dir='ltr'>Herculaneusibus</span> <span class='ocrx_word' id='word_1_19' title='bbox 1000 717 1139 788; x_wconf 85' lang='lat' dir='ltr'>laciniis</span> <span class='ocrx_word' id='word_1_20' title='bbox 1168 717 1252 813; x_wconf 87' lang='lat' dir='ltr'>legi·</span> 
     </span>
     <span class='ocr_line' id='line_1_4' title="bbox 205 839 1255 940; baseline 0 -29"><span class='ocrx_word' id='word_1_21' title='bbox 205 867 286 912; x_wconf 91' lang='lat' dir='ltr'>mus</span> <span class='ocrx_word' id='word_1_22' title='bbox 304 868 311 910; x_wconf 80' lang='grc' dir='ltr'><em>τ</em></span> <span class='ocrx_word' id='word_1_23' title='bbox 329 846 439 912; x_wconf 78' lang='grc' dir='ltr'>Πάντα</span> <span class='ocrx_word' id='word_1_24' title='bbox 449 844 505 940; x_wconf 80' lang='grc' dir='ltr'>γὰρ</span> <span class='ocrx_word' id='word_1_25' title='bbox 516 847 657 940; x_wconf 77' lang='grc' dir='ltr'>τιθέμενα</span> <span class='ocrx_word' id='word_1_26' title='bbox 670 843 738 940; x_wconf 78' lang='grc' dir='ltr'>παρ’</span> <span class='ocrx_word' id='word_1_27' title='bbox 749 846 909 939; x_wconf 78' lang='grc' dir='ltr'>ἀλλότριον</span> <span class='ocrx_word' id='word_1_28' title='bbox 923 851 1019 913; x_wconf 82' lang='grc' dir='ltr'>αὐτῶν</span> <span class='ocrx_word' id='word_1_29' title='bbox 1032 847 1160 937; x_wconf 81' lang='grc' dir='ltr'>συναφὲς</span> <span class='ocrx_word' id='word_1_30' title='bbox 1174 839 1255 923; x_wconf 79' lang='grc' dir='ltr'>εἶδος</span> 
     </span>
     <span class='ocr_line' id='line_1_5' title="bbox 206 962 1251 1064; baseline 0.002 -29"><span class='ocrx_word' id='word_1_31' title='bbox 206 962 380 1064; x_wconf 78' lang='grc' dir='ltr'>διέφθαρται</span> <span class='ocrx_word' id='word_1_32' title='bbox 395 968 461 1063; x_wconf 86' lang='grc'>(1).</span> <span class='ocrx_word' id='word_1_33' title='bbox 483 967 591 1056; x_wconf 88' lang='lat' dir='ltr'>Quod</span> <span class='ocrx_word' id='word_1_34' title='bbox 600 968 676 1064; x_wconf 84' lang='lat' dir='ltr'>jam</span> <span class='ocrx_word' id='word_1_35' title='bbox 691 968 877 1039; x_wconf 73' lang='lat' dir='ltr'>Lucretius</span> <span class='ocrx_word' id='word_1_36' title='bbox 895 967 981 1039; x_wconf 88' lang='lat' dir='ltr'>alias</span> <span class='ocrx_word' id='word_1_37' title='bbox 995 967 1108 1040; x_wconf 87' lang='lat' dir='ltr'>ferme</span> <span class='ocrx_word' id='word_1_38' title='bbox 1123 967 1251 1039; x_wconf 92' lang='lat' dir='ltr'>iisdem</span> 
     </span>
     <span class='ocr_line' id='line_1_6' title="bbox 205 1069 716 1163; baseline 0 -1"><span class='ocrx_word' id='word_1_39' title='bbox 205 1090 324 1162; x_wconf 88' lang='lat' dir='ltr'>verbis</span> <span class='ocrx_word' id='word_1_40' title='bbox 343 1090 549 1163; x_wconf 85' lang='lat' dir='ltr'>reddiderat</span> <span class='ocrx_word' id='word_1_41' title='bbox 571 1119 578 1161; x_wconf 92' lang='lat'>:</span> <span class='ocrx_word' id='word_1_42' title='bbox 713 1069 716 1077; x_wconf 34' lang='lat'><strong><em>⁵</em></strong></span> 
     </span>
    </p>
   </div>
   <div class='ocr_carea' id='block_1_4' title="bbox 309 1284 1038 1446">
    <p class='ocr_par' dir='ltr' id='par_1_4' title="bbox 309 1284 1038 1446">
     <span class='ocr_line' id='line_1_7' title="bbox 309 1284 1003 1358; baseline -0.001 -16"><span class='ocrx_word' id='word_1_43' title='bbox 309 1288 382 1342; x_wconf 87' lang='lat' dir='ltr'>Nam</span> <span class='ocrx_word' id='word_1_44' title='bbox 395 1284 588 1358; x_wconf 90' lang='lat' dir='ltr'>quodcumque</span> <span class='ocrx_word' id='word_1_45' title='bbox 600 1285 657 1342; x_wconf 88' lang='lat' dir='ltr'>suis</span> <span class='ocrx_word' id='word_1_46' title='bbox 670 1293 807 1342; x_wconf 82' lang='lat' dir='ltr'>mutatum</span> <span class='ocrx_word' id='word_1_47' title='bbox 822 1285 924 1342; x_wconf 86' lang='lat' dir='ltr'>finibus</span> <span class='ocrx_word' id='word_1_48' title='bbox 938 1285 1003 1354; x_wconf 85' lang='lat' dir='ltr'>exit,</span> 
     </span>
     <span class='ocr_line' id='line_1_8' title="bbox 310 1372 1038 1446; baseline -0.003 -14"><span class='ocrx_word' id='word_1_49' title='bbox 310 1373 449 1432; x_wconf 85' lang='lat' dir='ltr'><strong>Continuo</strong></span> <span class='ocrx_word' id='word_1_50' title='bbox 465 1373 519 1430; x_wconf 86' lang='lat' dir='ltr'>hoc</span> <span class='ocrx_word' id='word_1_51' title='bbox 530 1389 607 1431; x_wconf 87' lang='lat' dir='ltr'>mors</span> <span class='ocrx_word' id='word_1_52' title='bbox 620 1381 663 1433; x_wconf 85' lang='lat' dir='ltr'>est</span> <span class='ocrx_word' id='word_1_53' title='bbox 674 1372 746 1431; x_wconf 82' lang='lat' dir='ltr'>illius</span> <span class='ocrx_word' id='word_1_54' title='bbox 760 1373 835 1446; x_wconf 89' lang='lat' dir='ltr'>quod</span> <span class='ocrx_word' id='word_1_55' title='bbox 848 1372 901 1430; x_wconf 81' lang='lat' dir='ltr'>fuit</span> <span class='ocrx_word' id='word_1_56' title='bbox 911 1380 976 1431; x_wconf 83' lang='lat' dir='ltr'>ante</span> <span class='ocrx_word' id='word_1_57' title='bbox 989 1377 1038 1442; x_wconf 76' lang='lat'>(2).</span> 
     </span>
    </p>
   </div>
   <div class='ocr_carea' id='block_1_5' title="bbox 199 1733 1251 2581">
    <p class='ocr_par' dir='ltr' id='par_1_5' title="bbox 199 1733 1251 2581">
     <span class='ocr_line' id='line_1_9' title="bbox 251 1733 1249 1833; baseline 0 -27"><span class='ocrx_word' id='word_1_58' title='bbox 251 1740 348 1806; x_wconf 89' lang='lat' dir='ltr'>Dum</span> <span class='ocrx_word' id='word_1_59' title='bbox 365 1734 443 1806; x_wconf 87' lang='lat' dir='ltr'>haec</span> <span class='ocrx_word' id='word_1_60' title='bbox 468 1749 578 1833; x_wconf 82' lang='lat' dir='ltr'>atque</span> <span class='ocrx_word' id='word_1_61' title='bbox 606 1734 692 1806; x_wconf 85' lang='lat' dir='ltr'>talia</span> <span class='ocrx_word' id='word_1_62' title='bbox 719 1733 922 1825; x_wconf 84' lang='lat' dir='ltr'>considere,</span> <span class='ocrx_word' id='word_1_63' title='bbox 952 1735 991 1805; x_wconf 91' lang='lat' dir='ltr'>in</span> <span class='ocrx_word' id='word_1_64' title='bbox 1020 1758 1100 1806; x_wconf 85' lang='lat' dir='ltr'>eam</span> <span class='ocrx_word' id='word_1_65' title='bbox 1126 1734 1249 1806; x_wconf 89' lang='lat' dir='ltr'>incido</span> 
     </span>
     <span class='ocr_line' id='line_1_10' title="bbox 202 1858 1246 1960; baseline -0.001 -29"><span class='ocrx_word' id='word_1_66' title='bbox 202 1861 413 1960; x_wconf 85' lang='lat' dir='ltr'>opinionem</span> <span class='ocrx_word' id='word_1_67' title='bbox 429 1858 528 1930; x_wconf 92' lang='lat' dir='ltr'>huuc</span> <span class='ocrx_word' id='word_1_68' title='bbox 553 1859 660 1930; x_wconf 87' lang='lat' dir='ltr'>fuisse</span> <span class='ocrx_word' id='word_1_69' title='bbox 674 1860 831 1932; x_wconf 89' lang='lat' dir='ltr'>Lucretii</span> <span class='ocrx_word' id='word_1_70' title='bbox 858 1884 1019 1931; x_wconf 86' lang='lat' dir='ltr'>errorem</span> <span class='ocrx_word' id='word_1_71' title='bbox 1039 1859 1140 1957; x_wconf 91' lang='lat' dir='ltr'>quod</span> <span class='ocrx_word' id='word_1_72' title='bbox 1160 1859 1246 1930; x_wconf 90' lang='lat' dir='ltr'>doc-</span> 
     </span>
     <span class='ocr_line' id='line_1_11' title="bbox 200 1984 1251 2081; baseline -0.002 -25"><span class='ocrx_word' id='word_1_73' title='bbox 200 1988 333 2056; x_wconf 85' lang='lat' dir='ltr'><strong>trinam</strong></span> <span class='ocrx_word' id='word_1_74' title='bbox 352 1999 468 2056; x_wconf 89' lang='lat' dir='ltr'>totam</span> <span class='ocrx_word' id='word_1_75' title='bbox 487 1985 645 2081; x_wconf 83' lang='lat' dir='ltr'>magistri</span> <span class='ocrx_word' id='word_1_76' title='bbox 670 1985 707 2054; x_wconf 91' lang='lat' dir='ltr'>iu</span> <span class='ocrx_word' id='word_1_77' title='bbox 729 2009 874 2055; x_wconf 88' lang='lat' dir='ltr'>carmen</span> <span class='ocrx_word' id='word_1_78' title='bbox 895 2009 1002 2055; x_wconf 92' lang='lat' dir='ltr'>suum</span> <span class='ocrx_word' id='word_1_79' title='bbox 1029 1984 1251 2056; x_wconf 85' lang='lat' dir='ltr'>transferen-</span> 
     </span>
     <span class='ocr_line' id='line_1_12' title="bbox 200 2109 1249 2209; baseline -0.002 -27"><span class='ocrx_word' id='word_1_80' title='bbox 200 2110 286 2182; x_wconf 83' lang='lat' dir='ltr'>dam</span> <span class='ocrx_word' id='word_1_81' title='bbox 312 2109 506 2208; x_wconf 87' lang='lat' dir='ltr'>putaverit,</span> <span class='ocrx_word' id='word_1_82' title='bbox 536 2109 672 2180; x_wconf 91' lang='lat' dir='ltr'>nedum</span> <span class='ocrx_word' id='word_1_83' title='bbox 697 2135 837 2179; x_wconf 84' lang='lat' dir='ltr'>summu</span> <span class='ocrx_word' id='word_1_84' title='bbox 864 2109 1017 2209; x_wconf 60' lang='lat' dir='ltr'>fastigia</span> <span class='ocrx_word' id='word_1_85' title='bbox 1048 2135 1181 2195; x_wconf 81' lang='lat' dir='ltr'>rerum,</span> <span class='ocrx_word' id='word_1_86' title='bbox 1206 2125 1249 2180; x_wconf 87' lang='lat' dir='ltr'>ut</span> 
     </span>
     <span class='ocr_line' id='line_1_13' title="bbox 200 2232 1248 2331; baseline -0.001 -26"><span class='ocrx_word' id='word_1_87' title='bbox 200 2236 250 2305; x_wconf 83' lang='lat' dir='ltr'>ait</span> <span class='ocrx_word' id='word_1_88' title='bbox 273 2232 460 2330; x_wconf 84' lang='lat' dir='ltr'>Virgilius,</span> <span class='ocrx_word' id='word_1_89' title='bbox 484 2247 521 2304; x_wconf 83' lang='lat' dir='ltr'>et</span> <span class='ocrx_word' id='word_1_90' title='bbox 541 2237 640 2331; x_wconf 77' lang='grc' dir='ltr'>λόγων</span> <span class='ocrx_word' id='word_1_91' title='bbox 660 2236 809 2330; x_wconf 74' lang='grc' dir='ltr'>κορυφάς,</span> <span class='ocrx_word' id='word_1_92' title='bbox 836 2258 926 2330; x_wconf 84' lang='lat' dir='ltr'>ques</span> <span class='ocrx_word' id='word_1_93' title='bbox 958 2234 1133 2305; x_wconf 82' lang='lat' dir='ltr'>Pindarus</span> <span class='ocrx_word' id='word_1_94' title='bbox 1155 2259 1248 2304; x_wconf 91' lang='lat' dir='ltr'>nun-</span> 
     </span>
     <span class='ocr_line' id='line_1_14' title="bbox 199 2358 1249 2458; baseline 0.002 -29"><span class='ocrx_word' id='word_1_95' title='bbox 199 2374 308 2455; x_wconf 76' lang='lat' dir='ltr'>cuper</span> <span class='ocrx_word' id='word_1_96' title='bbox 321 2359 392 2454; x_wconf 79' lang='lat'><strong>(3),</strong></span> <span class='ocrx_word' id='word_1_97' title='bbox 418 2358 563 2455; x_wconf 82' lang='lat' dir='ltr'>eligeret</span> <span class='ocrx_word' id='word_1_98' title='bbox 582 2372 619 2429; x_wconf 88' lang='lat' dir='ltr'>et</span> <span class='ocrx_word' id='word_1_99' title='bbox 637 2371 860 2454; x_wconf 84' lang='lat' dir='ltr'>sequeretur.</span> <span class='ocrx_word' id='word_1_100' title='bbox 890 2362 1026 2458; x_wconf 87' lang='lat' dir='ltr'>Nempe</span> <span class='ocrx_word' id='word_1_101' title='bbox 1055 2358 1156 2457; x_wconf 91' lang='lat' dir='ltr'>quod</span> <span class='ocrx_word' id='word_1_102' title='bbox 1170 2360 1249 2458; x_wconf 87' lang='lat' dir='ltr'>ipse</span> 
     </span>
     <span class='ocr_line' id='line_1_15' title="bbox 199 2481 990 2581; baseline 0 -28"><span class='ocrx_word' id='word_1_103' title='bbox 199 2481 244 2554; x_wconf 93' lang='lat' dir='ltr'>de</span> <span class='ocrx_word' id='word_1_104' title='bbox 266 2508 303 2554; x_wconf 91' lang='lat' dir='ltr'>se</span> <span class='ocrx_word' id='word_1_105' title='bbox 319 2482 513 2581; x_wconf 81' lang='lat' dir='ltr'>profitetur</span> <span class='ocrx_word' id='word_1_106' title='bbox 535 2481 581 2553; x_wconf 84' lang='lat' dir='ltr'>ad</span> <span class='ocrx_word' id='word_1_107' title='bbox 595 2482 792 2581; x_wconf 88' lang='lat' dir='ltr'>Epicurum</span> <span class='ocrx_word' id='word_1_108' title='bbox 809 2482 964 2580; x_wconf 89' lang='lat' dir='ltr'>loquens</span> <span class='ocrx_word' id='word_1_109' title='bbox 982 2511 990 2553; x_wconf 93' lang='lat'>:</span> 
     </span>
    </p>
   </div>
   <div class='ocr_carea' id='block_1_6' title="bbox 304 2676 1009 2933">
    <p class='ocr_par' dir='ltr' id='par_1_6' title="bbox 304 2676 1009 2933">
     <span class='ocr_line' id='line_1_16' title="bbox 532 2676 908 2750; baseline 0.008 -16"><span class='ocrx_word' id='word_1_110' title='bbox 532 2676 599 2734; x_wconf 87' lang='lat' dir='ltr'>Tuis</span> <span class='ocrx_word' id='word_1_111' title='bbox 612 2692 655 2743; x_wconf 87' lang='lat' dir='ltr'>ex,</span> <span class='ocrx_word' id='word_1_112' title='bbox 669 2677 781 2748; x_wconf 85' lang='lat' dir='ltr'>inclute,</span> <span class='ocrx_word' id='word_1_113' title='bbox 794 2678 908 2750; x_wconf 78' lang='lat' dir='ltr'>chartis,</span> 
     </span>
     <span class='ocr_line' id='line_1_17' title="bbox 304 2767 952 2839; baseline 0.002 -14"><span class='ocrx_word' id='word_1_114' title='bbox 304 2767 444 2825; x_wconf 74' lang='lat' dir='ltr'>floriferis</span> <span class='ocrx_word' id='word_1_115' title='bbox 456 2775 487 2825; x_wconf 87' lang='lat' dir='ltr'>ut</span> <span class='ocrx_word' id='word_1_116' title='bbox 497 2783 561 2839; x_wconf 87' lang='lat' dir='ltr'>apes</span> <span class='ocrx_word' id='word_1_117' title='bbox 578 2768 608 2825; x_wconf 89' lang='lat' dir='ltr'>in</span> <span class='ocrx_word' id='word_1_118' title='bbox 620 2767 736 2826; x_wconf 86' lang='lat' dir='ltr'>saltibus</span> <span class='ocrx_word' id='word_1_119' title='bbox 748 2770 840 2826; x_wconf 85' lang='lat' dir='ltr'>omnia</span> <span class='ocrx_word' id='word_1_120' title='bbox 855 2769 952 2836; x_wconf 81' lang='lat' dir='ltr'>libant,</span> 
     </span>
     <span class='ocr_line' id='line_1_18' title="bbox 305 2855 1009 2933; baseline 0.003 -20"><span class='ocrx_word' id='word_1_121' title='bbox 305 2857 405 2913; x_wconf 85' lang='lat' dir='ltr'>Omnia</span> <span class='ocrx_word' id='word_1_122' title='bbox 418 2871 470 2913; x_wconf 89' lang='lat' dir='ltr'>nos</span> <span class='ocrx_word' id='word_1_123' title='bbox 483 2856 577 2914; x_wconf 84' lang='lat' dir='ltr'>itidem</span> <span class='ocrx_word' id='word_1_124' title='bbox 590 2855 763 2929; x_wconf 85' lang='lat' dir='ltr'>depascimur</span> <span class='ocrx_word' id='word_1_125' title='bbox 777 2873 859 2915; x_wconf 82' lang='lat' dir='ltr'>auree</span> <span class='ocrx_word' id='word_1_126' title='bbox 872 2858 946 2916; x_wconf 86' lang='lat' dir='ltr'>dicta</span> <span class='ocrx_word' id='word_1_127' title='bbox 959 2860 1009 2933; x_wconf 82' lang='grc'><strong>(4),</strong></span> 
     </span>
    </p>
   </div>
   <div class='ocr_carea' id='block_1_7' title="bbox 198 3026 1246 3380">
    <p class='ocr_par' dir='ltr' id='par_1_7' title="bbox 198 3026 1246 3380">
     <span class='ocr_line' id='line_1_19' title="bbox 199 3026 1246 3138; baseline 0.008 -35"><span class='ocrx_word' id='word_1_128' title='bbox 199 3034 338 3104; x_wconf 81' lang='lat' dir='ltr'>utinam</span> <span class='ocrx_word' id='word_1_129' title='bbox 353 3035 471 3130; x_wconf 80' lang='lat' dir='ltr'>reipsa</span> <span class='ocrx_word' id='word_1_130' title='bbox 491 3031 651 3105; x_wconf 84' lang='lat' dir='ltr'>fecisset!</span> <span class='ocrx_word' id='word_1_131' title='bbox 673 3041 890 3133; x_wconf 81' lang='lat' dir='ltr'>Quanquam</span> <span class='ocrx_word' id='word_1_132' title='bbox 897 3026 986 3136; x_wconf 79' lang='lat' dir='ltr'>¹apes</span> <span class='ocrx_word' id='word_1_133' title='bbox 1001 3063 1075 3109; x_wconf 88' lang='lat' dir='ltr'>nou</span> <span class='ocrx_word' id='word_1_134' title='bbox 1090 3054 1246 3138; x_wconf 86' lang='lat' dir='ltr'>carpunt</span> 
     </span>
     <span class='ocr_line' id='line_1_20' title="bbox 198 3157 1238 3259; baseline 0.005 -30"><span class='ocrx_word' id='word_1_135' title='bbox 198 3160 334 3247; x_wconf 84' lang='lat' dir='ltr'>omnia,</span> <span class='ocrx_word' id='word_1_136' title='bbox 350 3157 412 3229; x_wconf 89' lang='lat' dir='ltr'>sed</span> <span class='ocrx_word' id='word_1_137' title='bbox 429 3157 535 3229; x_wconf 88' lang='lat' dir='ltr'>flores</span> <span class='ocrx_word' id='word_1_138' title='bbox 549 3157 596 3229; x_wconf 81' lang='lat' dir='ltr'>ad</span> <span class='ocrx_word' id='word_1_139' title='bbox 615 3158 685 3229; x_wconf 94' lang='lat' dir='ltr'>mel</span> <span class='ocrx_word' id='word_1_140' title='bbox 706 3159 910 3232; x_wconf 80' lang='lat' dir='ltr'>faciendum</span> <span class='ocrx_word' id='word_1_141' title='bbox 926 3163 1076 3235; x_wconf 89' lang='lat' dir='ltr'>idoneos</span> <span class='ocrx_word' id='word_1_142' title='bbox 1088 3162 1238 3259; x_wconf 85' lang='lat' dir='ltr'>eligunt,</span> 
     </span>
     <span class='ocr_line' id='line_1_21' title="bbox 198 3282 1242 3380; baseline 0.006 -26"><span class='ocrx_word' id='word_1_143' title='bbox 198 3296 235 3354; x_wconf 89' lang='lat' dir='ltr'>et</span> <span class='ocrx_word' id='word_1_144' title='bbox 254 3307 296 3353; x_wconf 86' lang='lat' dir='ltr'>ex</span> <span class='ocrx_word' id='word_1_145' title='bbox 311 3282 354 3352; x_wconf 91' lang='lat' dir='ltr'>iis</span> <span class='ocrx_word' id='word_1_146' title='bbox 368 3283 602 3380; x_wconf 88' lang='lat' dir='ltr'>purissimum</span> <span class='ocrx_word' id='word_1_147' title='bbox 614 3283 724 3355; x_wconf 90' lang='lat' dir='ltr'>modo</span> <span class='ocrx_word' id='word_1_148' title='bbox 740 3310 889 3357; x_wconf 90' lang='lat' dir='ltr'>succum</span> <span class='ocrx_word' id='word_1_149' title='bbox 904 3287 1090 3378; x_wconf 85' lang='lat' dir='ltr'>hauriunt,</span> <span class='ocrx_word' id='word_1_150' title='bbox 1109 3287 1242 3360; x_wconf 84' lang='lat' dir='ltr'>herhas</span> 
     </span>
    </p>
   </div>
   <div class='ocr_carea' id='block_1_8' title="bbox 195 3564 1241 4044">
    <p class='ocr_par' dir='ltr' id='par_1_8' title="bbox 195 3564 1241 3745">
     <span class='ocr_line' id='line_1_22' title="bbox 195 3564 1241 3647; baseline 0.008 -19"><span class='ocrx_word' id='word_1_151' title='bbox 195 3567 251 3629; x_wconf 83' lang='lat' dir='ltr'>tim</span> <span class='ocrx_word' id='word_1_152' title='bbox 272 3564 390 3646; x_wconf 74' lang='lat' dir='ltr'>recepit</span> <span class='ocrx_word' id='word_1_153' title='bbox 410 3566 653 3647; x_wconf 84' lang='lat' dir='ltr'>Havereampus3</span> <span class='ocrx_word' id='word_1_154' title='bbox 672 3567 838 3630; x_wconf 84' lang='lat' dir='ltr'>Lambinus</span> <span class='ocrx_word' id='word_1_155' title='bbox 852 3569 1048 3635; x_wconf 71' lang='lat' dir='ltr'>alienemur.</span> <span class='ocrx_word' id='word_1_156' title='bbox 1072 3571 1241 3637; x_wconf 84' lang='lat' dir='ltr'>Lachman-</span> 
     </span>
     <span class='ocr_line' id='line_1_23' title="bbox 198 3663 452 3745; baseline -0.004 -20"><span class='ocrx_word' id='word_1_157' title='bbox 198 3682 273 3726; x_wconf 88' lang='lat' dir='ltr'>num</span> <span class='ocrx_word' id='word_1_158' title='bbox 288 3663 452 3745; x_wconf 74' lang='lat' dir='ltr'>sequimur,</span> 
     </span>
    </p>

    <p class='ocr_par' dir='ltr' id='par_1_9' title="bbox 231 3763 918 3845">
     <span class='ocr_line' id='line_1_24' title="bbox 231 3763 918 3845; baseline 0.004 -22"><span class='ocrx_word' id='word_1_159' title='bbox 231 3763 274 3844; x_wconf 76' lang='lat' dir='ltr'>(l)</span> <span class='ocrx_word' id='word_1_160' title='bbox 294 3763 416 3843; x_wconf 84' lang='lat' dir='ltr'>Epicuri</span> <span class='ocrx_word' id='word_1_161' title='bbox 431 3764 498 3845; x_wconf 75' lang='lat' dir='ltr'>ssepi</span> <span class='ocrx_word' id='word_1_162' title='bbox 511 3763 631 3831; x_wconf 81' lang='grc' dir='ltr'>Φύσεως.</span> <span class='ocrx_word' id='word_1_163' title='bbox 646 3763 709 3826; x_wconf 87' lang='lat' dir='ltr'>Lib.</span> <span class='ocrx_word' id='word_1_164' title='bbox 725 3766 782 3845; x_wconf 88' lang='lat' dir='ltr'>XI,</span> <span class='ocrx_word' id='word_1_165' title='bbox 797 3766 855 3828; x_wconf 83' lang='lat' dir='ltr'>col.</span> <span class='ocrx_word' id='word_1_166' title='bbox 870 3769 918 3828; x_wconf 73' lang='grc'>13.</span> 
     </span>
    </p>

    <p class='ocr_par' dir='ltr' id='par_1_10' title="bbox 234 3861 719 3943">
     <span class='ocr_line' id='line_1_25' title="bbox 234 3861 719 3943; baseline 0.004 -21"><span class='ocrx_word' id='word_1_167' title='bbox 234 3864 272 3940; x_wconf 62' lang='lat'>(2)</span> <span class='ocrx_word' id='word_1_168' title='bbox 295 3863 428 3934; x_wconf 89' lang='lat' dir='ltr'>Lucret.,</span> <span class='ocrx_word' id='word_1_169' title='bbox 441 3864 471 3934; x_wconf 89' lang='lat'>1,</span> <span class='ocrx_word' id='word_1_170' title='bbox 486 3866 542 3925; x_wconf 80' lang='lat'>671</span> <span class='ocrx_word' id='word_1_171' title='bbox 559 3861 719 3943; x_wconf 86' lang='lat' dir='ltr'>(Lechm.).</span> 
     </span>
    </p>

    <p class='ocr_par' dir='ltr' id='par_1_11' title="bbox 232 3957 1197 4044">
     <span class='ocr_line' id='line_1_26' title="bbox 232 3957 1197 4044; baseline 0.009 -26"><span class='ocrx_word' id='word_1_172' title='bbox 232 3961 242 4038; x_wconf 84' lang='lat'>(</span> <span class='ocrx_word' id='word_1_173' title='bbox 263 3959 272 4039; x_wconf 89' lang='lat'><em>)</em></span> <span class='ocrx_word' id='word_1_174' title='bbox 293 3957 394 4035; x_wconf 82' lang='lat' dir='ltr'>Pind,</span> <span class='ocrx_word' id='word_1_175' title='bbox 412 3961 545 4039; x_wconf 68' lang='lat' dir='ltr'>Olymp„</span> <span class='ocrx_word' id='word_1_176' title='bbox 559 3962 628 4038; x_wconf 87' lang='lat' dir='ltr'>VII,</span> <span class='ocrx_word' id='word_1_177' title='bbox 644 3963 713 4022; x_wconf 71' lang='lat'>425.</span> <span class='ocrx_word' id='word_1_178' title='bbox 730 3959 820 4023; x_wconf 87' lang='lat' dir='ltr'><strong>Conf.</strong></span> <span class='ocrx_word' id='word_1_179' title='bbox 836 3961 926 4041; x_wconf 64' lang='lat' dir='ltr'>virg„</span> <span class='ocrx_word' id='word_1_180' title='bbox 941 3961 1062 4044; x_wconf 65' lang='lat' dir='ltr'>Georq„</span> <span class='ocrx_word' id='word_1_181' title='bbox 1077 3965 1121 4042; x_wconf 88' lang='lat'>11,</span> <span class='ocrx_word' id='word_1_182' title='bbox 1135 3969 1197 4028; x_wconf 66' lang='lat'>42:</span> 
     </span>
    </p>
   </div>
   <div class='ocr_carea' id='block_1_9' title="bbox 295 4108 989 4186">
    <p class='ocr_par' dir='ltr' id='par_1_12' title="bbox 295 4108 989 4186">
     <span class='ocr_line' id='line_1_27' title="bbox 295 4108 989 4186; baseline 0.012 -23"><span class='ocrx_word' id='word_1_183' title='bbox 295 4110 360 4164; x_wconf 90' lang='lat' dir='ltr'>Non</span> <span class='ocrx_word' id='word_1_184' title='bbox 371 4123 421 4180; x_wconf 82' lang='lat' dir='ltr'>ego</span> <span class='ocrx_word' id='word_1_185' title='bbox 434 4117 533 4166; x_wconf 83' lang='lat' dir='ltr'>cuneta</span> <span class='ocrx_word' id='word_1_186' title='bbox 546 4109 616 4167; x_wconf 87' lang='lat' dir='ltr'>meis</span> <span class='ocrx_word' id='word_1_187' title='bbox 629 4108 760 4182; x_wconf 84' lang='lat' dir='ltr'>amplecti</span> <span class='ocrx_word' id='word_1_188' title='bbox 774 4110 899 4169; x_wconf 84' lang='lat' dir='ltr'>versibus</span> <span class='ocrx_word' id='word_1_189' title='bbox 912 4121 989 4186; x_wconf 79' lang='lat' dir='ltr'>opto.</span> 
     </span>
    </p>
   </div>
   <div class='ocr_carea' id='block_1_10' title="bbox 230 4249 745 4332">
    <p class='ocr_par' dir='ltr' id='par_1_13' title="bbox 230 4249 745 4332">
     <span class='ocr_line' id='line_1_28' title="bbox 230 4249 745 4332; baseline -0.002 -19"><span class='ocrx_word' id='word_1_190' title='bbox 230 4249 271 4332; x_wconf 70' lang='lat' dir='ltr'>(i)</span> <span class='ocrx_word' id='word_1_191' title='bbox 294 4251 426 4324; x_wconf 81' lang='lat' dir='ltr'>Lucret.,</span> <span class='ocrx_word' id='word_1_192' title='bbox 442 4250 495 4327; x_wconf 88' lang='lat'>111,</span> <span class='ocrx_word' id='word_1_193' title='bbox 509 4252 548 4313; x_wconf 76' lang='lat'>10</span> <span class='ocrx_word' id='word_1_194' title='bbox 562 4250 720 4330; x_wconf 71' lang='lat' dir='ltr'>(Lachm.)⁸</span> <span class='ocrx_word' id='word_1_195' title='bbox 738 4314 745 4329; x_wconf 67' lang='grc'>,</span> 
     </span>
    </p>
   </div>
   <div class='ocr_carea' id='block_1_11' title="bbox 0 0 1456 5016">
    <p class='ocr_par' dir='ltr' id='par_1_14' title="bbox 0 0 1456 5016">
     <span class='ocr_line' id='line_1_29' title="bbox 0 0 1456 5016; baseline 0 4"><span class='ocrx_word' id='word_1_196' title='bbox 0 0 1456 5016; x_wconf 95' lang='lat' dir='ltr'> </span> 
     </span>
    </p>
   </div>
  </div>
 </body>
</html>
