2902 5016
205 495 234 542 18
502 489 543 541 DE
561 487 778 542 ruinosorfflul
796 487 951 573 Ponnltts

251 615 304 681 De
320 608 538 708 Empedocle
556 610 615 681 vix
636 608 711 679 ulla
729 609 880 706 quaestio
894 632 970 679 csse
984 623 1117 706 potest,
1134 633 1252 706 quum

203 733 388 805 Lucretius
400 734 646 831 Acragantini
656 746 773 831 poetae
784 731 944 803 carmina
959 733 1035 829 ipse
1047 732 1252 804 laudaverit

202 869 244 929 ut
266 881 368 955 paene
389 857 511 928 divina
534 857 599 954 (1),
621 858 686 954 qui
708 856 809 927 locus
832 857 956 927 notior
976 870 1030 927 est
1056 881 1168 954 quam
1190 857 1252 928 cui

202 981 377 1072 insistam,
393 1006 436 1052 ac
449 981 644 1052 nonnullas
660 980 871 1079 philosophi
887 981 1077 1078 opiniones
1092 1006 1155 1053 seu
1169 1007 1250 1053 mu·

201 1120 338 1197 tuetur,
361 1118 425 1177 se‘u
439 1105 638 1203 impugnet.
656 1104 776 1177 Nolim
794 1119 915 1176 tamen
937 1130 1020 1176 cum
1040 1105 1250 1177 Eichstaed-

201 1230 252 1302 tio
275 1229 457 1301 affirmare
481 1255 567 1301 eum
589 1252 744 1326 graecum
769 1229 952 1326 exemplar
980 1231 1045 1300 «in
1071 1234 1195 1300 animo
1214 1245 1252 1301 et

201 1353 317 1426 oculis
341 1352 530 1443 habuisse,
558 1368 669 1451 atque
699 1351 843 1424 assidua
872 1353 1075 1426 imitatione
1106 1379 1250 1454 expres-

202 1478 288 1548 sisse
300 1476 352 1574 (2)
363 1506 404 1571 »3
425 1502 545 1549 name
563 1478 835 1576 quadringentis
855 1477 1019 1549 versibus
1039 1479 1103 1575 qui
1124 1504 1251 1577 super·

201 1615 286 1671 sunt
301 1600 347 1673 de
362 1599 735 1700 tribusEmpedocleis
752 1603 829 1698 Περὶ
839 1605 965 1683 Φύσεως
982 1600 1096 1690 libris,
1112 1626 1252 1700 paucos

157 1777 160 1785 .
201 1723 401 1796 admodum
411 1726 572 1826 invenias
581 1725 618 1795 in
629 1723 762 1822 quibus
772 1748 815 1796 ea
824 1739 947 1822 pateat
955 1725 1121 1796 imitatio.
1133 1731 1247 1814 Quos,

201 1863 243 1919 ut
269 1846 317 1920 ab
347 1849 424 1932 aliis
446 1850 521 1945 jam
548 1863 694 1922 notatos
718 1848 792 1946 (3),
825 1848 985 1921 indicare
1011 1849 1249 1948 supersedeo‚

201 1972 337 2071 quippe
360 1973 424 2071 qui
443 1973 566 2072 praeda
590 1988 626 2045 et
647 1972 829 2044 manubiis
852 1972 977 2044 alienis
1002 1998 1121 2045 meam
1142 1976 1251 2046 sarci·

201 2094 326 2168 nulam
345 2097 496 2195 implere
515 2097 642 2169 nolim.

247 2222 353 2319 Apud
372 2223 516 2294 Graecos
532 2221 641 2318 igitur
662 2223 760 2312 (nam
785 2221 831 2292 de
849 2220 1013 2292 Enniano
1034 2221 1251 2321 Epicharmo

198 2345 372 2443 pauciora
384 2345 548 2441 profecto
567 2345 737 2417 novimus
758 2368 869 2442 quam
885 2358 926 2414 ut
943 2346 1032 2415 certi
1047 2345 1249 2442 quidquam

199 2468 245 2540 de
259 2494 303 2540 eo
317 2471 497 2567 possimus
511 2469 690 2565 J'udicare)
706 2468 768 2565 (4),
787 2467 946 2539 habebat
960 2470 1149 2541 Lucretius
1163 2469 1247 2567 phi-

199 2592 379 2690 losophici
392 2593 570 2691 poematis
584 2591 813 2688 exemplaria,
829 2616 905 2663 non
920 2592 1071 2690 perfecti
1085 2607 1122 2664 et
1141 2592 1249 2664 abso-

198 2715 279 2806 luti,
301 2715 365 2788 sed
383 2715 545 2789 inchoati
564 2717 705 2806 saltem,
732 2741 775 2787 ac
799 2715 926 2814 primis
944 2717 1183 2805 lineamentis,
1210 2733 1251 2789 ut

199 2841 250 2913 ita
263 2840 394 2933 dicam,
418 2840 639 2913 adumbrati.
662 2847 753 2912 Nam
771 2865 888 2939 quum
907 2841 1114 2912 docuissent
1128 2846 1250 2912 Xeno-

197 2964 337 3063 phanes
362 2966 665 3064 Parmenidesque
690 2965 733 3036 de
758 2972 902 3039 Natura
922 2991 1039 3036 rerum
1068 2965 1147 3062 (qui
1172 2991 1250 3037 am·

198 3089 318 3162 bobus
340 3087 562 3161 carminibus
589 3090 717 3161 titulus
735 3086 1064 3188 perscribebatur),
1084 3089 1251 3161 versibus

199 3215 345 3314 copiose
360 3212 468 3285 scribi
484 3239 609 3312 posse,·
620 3214 659 3285 id
680 3213 891 3313 Empedocli
907 3214 1099 3313 proprium
1119 3231 1197 3287 erat
1214 3228 1251 3287 et

198 3339 380 3438 peculiare
409 3339 510 3435 quod
540 3363 616 3445 non
645 3339 875 3426 necessitate,
903 3337 965 3408 sed
990 3339 1181 3412 voluntate
1207 3364 1250 3412 ac

241 3579 281 3660 (l)
307 3581 429 3642 Lucret.
445 3580 467 3655 1,
483 3583 542 3642 '132
557 3577 716 3658 (Lachml

239 3677 282 3756 (2)
302 3676 545 3752 Eichstaedtius,
557 3675 639 3758 apud
653 3672 798 3736 Lemaire.
816 3676 852 3735 T.
867 3673 892 3751 Ι,
908 3692 940 3751 p.
956 3675 1007 3735 38.

243 3772 284 3856 (3)
290 3773 367 3836 Vide
374 3772 526 3837 Mullachii
536 3772 568 3835 in
580 3770 800 3853 Empedoclem
813 3770 946 3847 notulas,
955 3769 1148 3851 Wakefieldi,
1158 3772 1250 3834 Eich-

199 3872 333 3947 standai,
349 3869 508 3951 Forhigeri
522 3871 555 3932 in
569 3871 757 3934 Lucretium.
775 3900 815 3915 —
836 3871 875 3931 Μ.
890 3867 989 3945 Patin,
1004 3871 1212 3932 Introduction
1230 3875 1251 3934 ὰ

200 3970 310 4032 let-ade
321 3969 362 4032 du
374 3973 484 4032 Preme
497 3970 535 4031 dc
550 3973 581 4031 lo
600 3971 725 4031 Nature.
742 3999 782 4014 -
796 3970 883 4028 Aem.
899 3965 1025 4039 Hallier‚
1046 3971 1172 4030 Lucreti
1185 3989 1251 4031 cor-

198 4071 281 4128 miao
295 4085 310 4128 a
318 4067 503 4147 fraqmentia
516 4065 726 4145 Empedoclen
739 4064 920 4125 adumbrato
937 4065 1037 4141 (lenae,
1053 4067 1155 4144 1857).

236 4165 276 4242 (l)
298 4163 376 4225 Vide
398 4163 528 4237 Vahlen,
553 4166 701 4225 Enniana
719 4165 819 4241 poesis
847 4161 994 4240 reliquia.
1017 4162 1085 4223 Vlll
1108 4162 1249 4244 (Lipsiae,

197 4260 298 4341 1854).
