2902 5016
204 454 237 504 26
489 451 530 503 nn
546 451 760 504 efltlosoentct
778 450 934 504 nonnanis

251 1217 323 1291 Sed
341 1219 453 1291 timeo
468 1243 514 1290 ne
534 1219 658 1289 videar
679 1241 784 1314 aequo
805 1217 947 1312 longius
976 1217 1013 1287 in
1050 1215 1250 1286 refutandis

202 1341 358 1415 aliorum
380 1341 625 1442 opinionibus,
646 1342 747 1440 quod
764 1354 885 1412 tamen
904 1341 1146 1411 necessarium
1165 1340 1255 1430 fuit,

202 1466 346 1538 tardare
372 1491 413 1538 ac
440 1466 678 1557 commorari,
707 1486 917 1562 quanquam
943 1488 1035 1563 saepe
1054 1464 1130 1559 jam
1154 1465 1250 1536 inter

202 1590 477 1689 disceptandum
501 1591 592 1688 quid
614 1591 691 1688 ipse
721 1590 874 1661 sentiam
902 1589 1095 1660 declaravi.
1123 1594 1248 1685 Neque

200 1713 262 1786 hic
281 1716 489 1812 quisquam,
509 1739 653 1814 precor,
689 1740 709 1785 a
742 1739 801 1785 me
833 1714 994 1812 postulet
1014 1727 1056 1783 ut
1072 1712 1118 1784 de
1133 1712 1248 1810 poesi,

202 1863 368 1935 quaenam
398 1841 457 1929 sit,
491 1840 528 1910 in
564 1840 773 1911 universum
797 1863 957 1935 quaeram
992 1861 1035 1909 ac
1067 1836 1250 1918 definiam,

202 1987 287 2034 cum
314 1962 520 2036 istiusmodi
545 1962 792 2052 definitiones,
820 1987 901 2059 quae
928 1959 1250 2033 exsecrationibus

201 2087 443 2187 philosophiae
461 2087 627 2185 partibus
644 2101 836 2174 eruuntur,
860 2110 989 2183 parum
1009 2085 1102 2157 lucis
1125 2084 1168 2155 iis
1190 2110 1248 2157 re·

201 2209 271 2282 hus
299 2211 429 2284 afferre
456 2211 596 2284 soleant
617 2212 662 2283 de
690 2209 824 2308 quibus
849 2234 956 2282 sensu
970 2225 1093 2306 *atque
1115 2209 1250 2280 affectu

202 2336 432 2433 potissimum
448 2335 707 2432 judicatur(l).
730 2341 807 2409 Hoc
826 2360 941 2405 unum
953 2333 1084 2419 dicam,
1104 2334 1249 2431 poetico

201 2458 264 2530 illo
287 2485 394 2531 sensu
423 2460 487 2557 qul
512 2460 568 2530 sui
591 2473 735 2530 tantum
754 2459 894 2554 generis
912 2474 978 2549 est,
1010 2483 1131 2555 neque
1163 2483 1248 2529 cum

201 2583 285 2653 ullis
302 2583 381 2654 aliis
400 2582 574 2654 confundi
586 2598 720 2682 potest,
739 2609 809 2674 mc,
826 2581 915 2654 dum
930 2583 1137 2654 Lucretium
1151 2583 1245 2679 lege,

201 2707 378 2779 continuo
398 2709 622 2807 permoverl;
657 2732 777 2805 neque
801 2707 912 2779 modo
942 2732 1027 2778 cum
1063 2706 1111 2778 ab
1140 2732 1257 2804 argu-¹

200 2847 325 2905 mento
343 2831 568 2930 degreditur,
584 2848 626 2904 ut
643 2833 750 2903 multi
767 2832 983 2922 voluerunt3
1009 2831 1072 2902 sed
1090 2832 1127 2901 in
1147 2833 1249 2905 omni

199 2959 376 3057 poematis
393 2971 519 3029 tenore
538 2957 582 3052 (si
596 2982 732 3056 paucos
750 2956 850 3028 locos
869 2956 1089 3053 excipiamus
1103 2955 1148 3027 de
1163 2957 1249 3052 qui·

198 3081 267 3154 bus
281 3108 365 3152 mox
383 3080 616 3178 videbimus),
634 3084 772 3152 incessu
782 3095 929 3178 poetam
941 3096 1079 3176 patere.

248 3211 413 3301 Longum
429 3205 539 3305 igitur
555 3220 647 3278 esset
665 3230 872 3303 enprorsus
890 3204 1018 3276 inutile
1037 3203 1082 3276 de
1099 3206 1248 3300 singulis

198 3329 368 3402 carminis
405 3308 571 3428 partibus
605 3329 811 3425 singillatim
844 3328 1030 3417 disserere,
1056 3329 1248 3412 ostendere

198 3453 288 3550 quid
300 3453 338 3523 in
352 3451 653 3551 quibuspulchri,
668 3455 798 3549 magni,
810 3477 895 3524 vere
909 3453 1043 3551 poetici
1061 3468 1245 3542 notemus,

196 3601 281 3649 cum
298 3577 415 3647 multa
433 3575 623 3674 magnifica
640 3601 682 3648 ac
700 3575 869 3648 sublimia
894 3577 932 3647 in
950 3576 1126 3648 memoria
1151 3577 1248 3650 litte-

199 3715 363 3772 ratorum
390 3699 584 3772 hominum
611 3701 747 3788 vivant,
773 3712 848 3771 eta
872 3702 996 3772 multis
1012 3701 1176 3798 quotidie
1196 3703 1247 3774 ita

197 3818 407 3912 laudentur,
421 3825 539 3922 utqui
555 3850 598 3896 ea
611 3822 794 3896 celebrare
808 3825 1015 3914 instituerit,
1030 3850 1109 3896 rem
1128 3839 1247 3896 actam

236 4108 275 4189 (tl
299 4108 375 4172 Vide
400 4109 653 4174 desideratissimi
673 4111 728 4173 viri
753 4111 885 4192 Adolphi
909 4112 1038 4174 Gamier
1057 4110 1246 4191 elegentissi-

76 4214 79 4218 “
197 4223 280 4267 mam
294 4208 585 4271 commentationem
600 4208 684 4287 Quid
694 4209 825 4271 Poests?
838 4209 929 4272 tait.
