2902 5016
484 469 675 520 counitione
692 468 774 520 arnt)
792 467 979 521 tucna'rtutt.
1222 464 1253 520 6'5

210 617 271 663 sus
293 593 367 689 (1),
387 592 586 663 »Statius«
607 592 847 686 Montivagam
866 591 1018 662 Dianam
1038 590 1091 687 (2)
1107 619 1144 681 »3
1166 593 1251 662 turi-

209 741 345 787 cremas
360 743 446 787 aras
464 716 639 814 negligere
654 716 755 787 nullo
772 731 880 813 pacto
896 715 1030 814 potuit,
1046 717 1110 813 qui
1123 739 1253 788 aurum

208 855 405 911 estercore
433 841 538 911 Ennii
568 839 758 935 colligebat
775 839 942 936 Virgilius
962 838 1027 936 (3).
1058 839 1194 911 Vellem
1218 855 1254 911 et

196 963 451 1062 staetffragum
465 963 565 1035 littus
584 963 625 1060 (Ι,
636 963 740 1059 305);
763 961 956 1034 innubilant
976 987 1060 1035 aera
1076 962 1151 1058 (ΙΙΙ,
1168 961 1250 1052 2¹l3

208 1089 420 1158 lauricomos
438 1103 577 1159 montes
588 1091 660 1183 (vt,
677 1085 778 1179 152);
791 1112 923 1158 canum
939 1086 1130 1158 levisomna
1142 1086 1253 1158 corda

207 1213 265 1308 (V,
277 1213 361 1305 864)
373 1239 383 1301 3
397 1212 596 1283 suavidicas
611 1238 735 1283 versus
752 1212 935 1308 (1v‚180);
951 1210 1137 1308 silvtj'raga
1153 1210 1252 1281 venti
1277 1286 1279 1293 A

206 1334 319 1406 flabra
336 1334 376 1422 (Ι,
401 1335 487 1434 277)
506 1361 582 1407 non
605 1336 901 1434 contempsisset,
918 1335 1046 1432 digna,
1071 1336 1109 1406 ni
1123 1335 1248 1424 fallor,

206 1484 287 1557 qnae
301 1484 376 1530 non
391 1459 599 1557 repudiaret
614 1464 677 1556 qui
696 1463 732 1530 in
751 1475 826 1530 tam
840 1460 961 1531 multis
977 1459 1054 1531 aliis
1072 1459 1251 1532 heredita·

205 1596 278 1653 tem
295 1585 451 1667 Lucretii
468 1583 556 1654 adiit
570 1599 680 1681 atque
694 1577 895 1682 usurpavit.

252 1707 322 1779 Sed
334 1707 379 1780 de
391 1708 448 1779 his
459 1707 643 1797 hactenuS,
653 1733 734 1806 quae
745 1707 896 1780 fortasse
906 1709 1145 1803 grammaticae
1154 1732 1252 1778 com-

206 1833 419 1903 mentatioui
447 1832 597 1904 fuissent
623 1832 852 1904 reservanda.
883 1838 1008 1928 Neque
1037 1831 1082 1903 de
1111 1846 1187 1902 arte
1214 1847 1250 1902 et

204 1957 467 2055 compositione
489 1982 659 2029 versuum
691 1955 886 2043 disseram,
910 1953 1105 2053 inquibus
1132 1980 1247 2052 quum

202 2104 361 2177 persaepe
379 2081 493 2153 Ennio
519 2096 555 2153 et
576 2080 712 2152 Lucilio
727 2080 838 2176 longe
865 2079 1007 2152 doctior
1030 2104 1072 2150 ac
1098 2079 1250 2177 peritior

203 2220 375 2301 appareat
391 2221 527 2295 noster,
546 2220 691 2291 tamen,
709 2205 782 2276 sive
806 2204 971 2275 elisiones
992 2218 1150 2301 spectes,
1174 2204 1249 2275 sive

202 2352 367 2418 caesuras,
389 2329 463 2400 sive
478 2352 650 2400 versuum
673 2329 869 2399 sectionem
882 2343 918 2400 et
941 2327 1073 2422 rejecta
1086 2327 1181 2426 (quae
1190 2326 1246 2398 di-

202 2451 303 2548 cunt)
317 2451 440 2543 verba,
464 2453 577 2524 multa
596 2452 642 2524 ad
656 2453 871 2525 severiorem
890 2451 1071 2548 elegantiae
1085 2451 1245 2547 regulam

201 2577 369 2673 Virgilius
389 2578 641 2650 conformavit.
669 2583 786 2649 Pauca
805 2593 925 2649 autem
949 2578 1080 2650 addam
1101 2576 1146 2648 de
1164 2602 1246 2647 ver-

201 2697 256 2770 bis
271 2700 450 2772 translatis
471 2717 580 2799 atque
602 2703 815 2791 immutatis,
841 2728 922 2801 quae
937 2727 1012 2773 non
1037 2701 1146 2773 modo
1169 2724 1248 2771 ora·

200 2824 336 2894 tionem
365 2826 468 2922 quasi
497 2825 605 2897 stella
625 2825 811 2923 quaedam,
841 2841 882 2896 ut
905 2827 956 2896 ait
976 2825 1125 2916 Tullius,
1148 2825 1246 2896 illus-

200 2961 308 3034 trant,
327 2948 390 3020 sed
402 2950 582 3048 praecipue
595 2953 749 3048 poesim,
759 2951 863 3046 cujus
878 2975 956 3022 eam
970 2950 1154 3049 propriam
1169 2973 1245 3020 esse

199 3070 343 3142 laudem
363 3072 513 3143 dixerim
530 3089 573 3144 ut
584 3099 641 3145 res
663 3100 790 3146 omnes
810 3099 885 3146 non
902 3076 1066 3173 corporis
1082 3089 1242 3162 tantum,

199 3194 262 3266 sed
281 3198 409 3267 mentis
427 3196 541 3269 oculis
563 3197 694 3270 videat.

248 3324 321 3391 Hac
337 3335 419 3391 ante
436 3345 563 3392 omnes
572 3322 608 3391 vi
626 3322 845 3419 imaginandi
866 3323 1033 3395 excelluit
1042 3321 1240 3395 Lucretius

199 3444 269 3511 Seu
287 3441 489 3514 humanum
513 3469 624 3540 genus
640 3444 820 3518 describat
835 3471 1048 3546 oppressum

615 3612 697 3669 Gravi
713 3615 763 3670 sub
777 3615 908 3686 religione

303 3700 370 3770 Qum
384 3707 466 3769 caput
480 3716 494 3755 a
507 3700 567 3757 coeli
580 3702 737 3775 regionibus
751 3703 922 3770 ostendebat,

305 3787 435 3842 Horribili
450 3804 532 3860 super
546 3787 676 3862 adspectu
691 3792 853 3848 mortalibus
865 3793 969 3850 instans
982 3793 1036 3864 (4);

238 3943 276 4023 (Ι)
299 3944 367 4017 Cic,
387 3945 517 4022 Taueni,
531 3947 568 4019 V,
584 3949 634 4008 27.

240 4041 279 4123 (Ξ)
301 4044 385 4114 stat,
404 4043 525 4118 tretia,
539 4046 564 4115 l,
576 4048 646 4107 450.

238 4143 276 4216 (3]
300 4145 428 4214 Lucret,
442 4145 484 4218 ll,
502 4145 572 4206 353.
588 4143 679 4223 Virg„
696 4145 782 4222 AEn.,
797 4148 846 4220 tv,
863 4150 932 4208 453.

238 4239 279 4315 (Ι)
301 4240 431 4311 Lucret,
448 4241 474 4315 Ι,
494 4243 533 4301 63
547 4241 704 4319 (Lachmj.
