2902 5016
202 427 234 474 64
500 424 540 473 llll
556 423 774 476 Pffltusoptssct
791 422 948 476 POEllrl'l'lS

251 549 330 615 Non
352 544 461 638 igitur
478 543 681 615 mirandum
697 559 750 615 est
765 546 794 615 si
810 569 925 642 graeco
943 543 1052 616 verbo
1067 542 1193 630 semel,
1209 555 1247 612 ut

201 668 394 766 saepissime
407 668 555 754 Tullius,
575 693 661 739 usus
678 683 732 740 est
748 684 886 760 noster,
905 694 1020 766 quum
1034 673 1248 764 Anaxagorae

201 797 409 890 ὀμοιομέρειαν
425 818 490 864 sua
508 794 541 864 ei
556 792 678 891 lingua
694 793 814 866 dicere
828 818 902 865 non
916 793 1133 865 concederet
1153 816 1247 890 ‹tpa-

202 917 262 987 trii
279 918 455 988 sermonis
472 932 620 1014 egestas.
642 948 659 984 n
684 917 793 1005 Quod
806 933 927 990 tamen
953 918 1082 990 vellem
1102 919 1140 988 in
1161 941 1247 987 car-

203 1043 299 1113 mine
331 1067 406 1113 uon
439 1041 599 1133 fecisset3
628 1042 717 1140 quin
745 1058 782 1114 et
807 1043 929 1114 omnia
949 1043 1011 1114 illa
1038 1045 1246 1113 Graecorum

200 1181 420 1256 commenta,
441 1191 515 1238 non
537 1180 680 1238 tantum
699 1167 850 1264 poeticis
868 1167 1110 1256 ornamentis,
1131 1165 1249 1237 sedet

200 1316 302 1389 paene
320 1291 526 1388 cognitione
544 1291 705 1387 indigna,
730 1292 837 1388 plane
860 1293 1077 1391 reliquisset.
1099 1290 1156 1361 Sic
1181 1289 1245 1360 cli·

201 1441 329 1485 namen
346 1417 486 1513 primus
514 1431 551 1486 et
577 1440 685 1504 unus,
703 1415 741 1486 ni
765 1415 884 1504 fallor,
914 1440 1081 1488 «novum
1107 1415 1160 1487 rei
1176 1438 1244 1485 no·

201 1564 283 1610 men
298 1571 313 1603 n
331 1528 496 1638 protulit,
517 1553 558 1610 ut
573 1547 629 1618 τὴν
645 1542 746 1609 κλίσιν
768 1540 913 1637 Epicuri
933 1540 1042 1611 latine
1063 1537 1243 1625 redderet,

200 1689 310 1761 quam
332 1662 431 1734 haud
450 1665 524 1735 scio
544 1688 590 1734 an
611 1663 738 1734 melius
755 1663 891 1735 Tullius
910 1663 1194 1734 declinationem.

247 1788 323 1859 Alia
345 1803 466 1860 autem
484 1787 595 1860 verba
613 1813 688 1860 non
706 1789 836 1885 linguae
850 1803 1018 1885 egestate,
1040 1787 1103 1859 sed
1116 1812 1245 1859 nume-

197 1938 322 1985 rorum
349 1914 560 1985 necessitate
578 1914 719 2012 primus
737 1929 775 1984 et
800 1938 896 1983 unus
914 1912 1058 1984 videtur
1076 1915 1248 1984 immuta-

201 2038 305 2127 visse,
326 2039 457 2108 semele
466 2062 534 2135 pro
552 2036 723 2126 sensibili,
743 2037 863 2108 tactile
878 2061 946 2135 pro
959 2035 1135 2133 tangibili,
1143 2039 1248 2133 prin·

200 2161 328 2256 optule
347 2186 415 2259 pro
434 2161 644 2259 principali,
662 2163 712 2233 sic
740 2162 908 2231 t'nsensile
936 2177 972 2232 et
998 2161 1170 2233 intactile.
1206 2165 1250 2232 At

200 2302 394 2382 sequentes
407 2301 524 2383 poetoe
539 2284 649 2372 uerba
666 2284 773 2356 simul
792 2309 876 2356 cum
890 2284 1000 2356 rebus
1017 2299 1245 2382 spreverunt.

202 2414 273 2480 Nec
292 2409 430 2482 felicior
449 2411 516 2481 suit
532 2411 591 2481 ille
604 2406 759 2504 sensifer
778 2425 897 2481 motus
915 2408 1018 2504 cujus
1038 2409 1114 2480 sine
1133 2406 1248 2489 dubio

203 2549 330 2606 auctor
348 2534 538 2606 habendus
557 2550 622 2605 est.

249 2661 326 2727 Hoc
342 2657 437 2727 enim
456 2655 669 2728 crediderim
690 2656 895 2727 Lucretium
920 2681 994 2727 non
1014 2655 1143 2727 vidisse
1164 2656 1246 2727 lati-

203 2805 288 2851 nam
307 2781 465 2877 linguam
482 2806 556 2852 non
570 2806 655 2880 eam*
670 2805 745 2852 esse
761 2805 842 2877 quae
853 2779 964 2852 verba
983 2805 1091 2872 nova,
1112 2804 1245 2876 graeco-

202 2931 282 2976 rum
312 2931 432 2996 more,
465 2905 619 2978 libenter
646 2906 815 3003 fingeret,
847 2930 954 2977 voces
981 2921 1086 2977 notas
1115 2929 1246 2976 conso·

126 3042 128 3045 ’
200 3029 329 3102 ciando
363 3055 405 3102 ac
440 3030 702 3103 connectendo.
735 3036 775 3101 ln
806 3055 880 3126 quo
913 3054 1042 3127 genere
1073 3028 1246 3101 audacius

201 3179 312 3252 quam
331 3154 469 3227 felicius
483 3154 551 3226 sibi
570 3154 732 3242 indulsit,
753 3180 867 3252 quum
887 3153 1099 3251 elephantos
1118 3156 1245 3252 aragus-

201 3305 327 3350 munos
337 3278 404 3376 (l),
421 3295 540 3351 motus
554 3304 677 3350 rerum
690 3281 892 3368 (luctificos,
910 3293 1023 3348 terras
1030 3273 1247 3375 ,frugiferen-

201 3419 265 3488 les,
284 3402 379 3473 fetus
383 3401 607 3501 frugiparos,
631 3402 824 3500 terriloqun
847 3414 969 3471 vatum
998 3399 1107 3487 dicta,
1126 3396 1246 3481 homi·

201 3551 265 3597 nes
279 3528 469 3625 caecigenos
482 3526 629 3598 diceret.
642 3523 821 3597 Nonnulla
835 3538 957 3594 tamen
972 3547 1045 3595 non
1065 3519 1248 3616 dedignati

201 3666 285 3722 sunt
301 3651 450 3749 posteri.
468 3653 689 3751 Montivagas
700 3649 793 3722 feras
803 3647 941 3719 dixerat
954 3661 1077 3718 noster
1093 3643 1246 3742 (Moli),

200 3774 336 3846 Tullius
354 3773 585 3848 «bestiarum
598 3776 824 3870 montivagos
838 3788 948 3872 atque
970 3771 1147 3843 silvestres
1165 3793 1249 3841 cur·

201 3987 241 4051 dc
254 3993 385 4069 egestate
406 3987 518 4069 linguan
531 3989 642 4061 latinae,
656 3989 790 4064 Tuscul„
806 3989 850 4064 11,
873 3990 930 4066 153
946 3985 984 4048 cte
1002 3983 1248 4065 Ftntb.,2111,15.

204 4087 326 4151 «Nobis
341 4088 372 4150 in
383 4087 440 4150 hac
453 4087 536 4169 inopi
551 4088 719 4169 lingua...»

243 4186 281 4267 (ll
302 4189 433 4261 Lucret,
447 4188 487 4264 ll,
503 4190 579 4266 5283
593 4188 629 4259 V,
643 4188 730 4250 1303.
746 4183 879 4264 (Lachm.
889 4178 1111 4262 anguimanus).
