2902 5016
492 460 680 512 CONDlTlONE
697 459 778 510 APUD
795 457 984 509 LUCRETlUlll.
1227 455 1259 503 63

213 578 445 652 exclamatio
474 584 629 678 Captivis
652 580 837 679 Tyndarus
861 577 931 676 (l),
960 576 1158 649 contrarias
1187 579 1257 644 En-

213 703 321 775 niano
350 705 532 777 Telamoni
559 722 678 804 partes
710 730 829 802 agens.
862 703 958 776 Nihil
988 703 1119 773 mirum
1150 699 1258 797 igitur

212 830 240 897 si
272 829 308 898 in
339 831 463 901 Satiris
491 831 670 903 Lucilium
704 846 778 902 tam
809 854 902 927 saepe
934 825 1256 926 philosophantem

210 952 396 1044 videmus,
428 954 597 1052 praeclare
627 954 673 1027 de
704 956 859 1044 virtute,
892 951 1012 1052 lepide
1040 951 1086 1022 de
1117 949 1160 1020 iis
1193 948 1257 1046 qui

210 1076 341 1149 fabulis
356 1093 546 1176 poetarum
564 1081 646 1179 plus
660 1079 773 1151 nimio
789 1076 956 1150 credulos
970 1101 1007 1147 se
1024 1072 1187 1174 praebent
1201 1072 1255 1142 lo-

210 1216 400 1297 quentem,
886 1201 888 1204 ’

315 1378 354 1432 Ut
366 1377 444 1448 pueri
457 1375 576 1433 infantes
589 1375 705 1434 eredunt
719 1377 796 1450 signa
809 1375 902 1432 omnia
915 1373 1002 1431 ahena
1065 1417 1069 1425 .

315 1465 413 1524 Vivere
425 1475 452 1523 et
465 1483 524 1524 esse
535 1467 673 1534 homines,
688 1466 783 1523 sinisti
795 1466 889 1522 onmia
902 1463 966 1520 fieta

314 1553 383 1609 Vera
395 1563 503 1628 putant,
516 1555 632 1612 eredunt
645 1555 731 1628 signis
743 1571 790 1612 eor
804 1555 895 1610 inesse
908 1552 1003 1609 ahenis
1015 1554 1062 1620 (2).

207 1711 307 1794 Quos
317 1735 455 1802 versus,
470 1711 624 1782 sinnam
638 1726 701 1782 aut
716 1710 866 1781 alteram
884 1707 1058 1804 rubiginis
1073 1706 1252 1778 maculam

208 1832 360 1925 effrices,
381 1834 456 1930 jam
470 1861 537 1934 pro
553 1835 775 1924 Lucretianis
790 1860 900 1906 nemo
913 1859 987 1905 non
1004 1832 1169 1930 accipiat.

255 1959 324 2029 Sed
338 1960 436 2031 aliud
458 1977 511 2032 est
528 1959 677 2033 brevem
697 1959 912 2031 sententiam
933 1958 1049 2030 tribus
1071 1971 1134 2028 aut
1161 1978 1252 2053 qua·

205 2100 291 2154 tuor
303 2083 467 2156 versibus
481 2085 665 2172 seribere,
683 2084 782 2156 aliud
805 2085 913 2181 longo
933 2084 1093 2155 carmine
1116 2080 1252 2152 doctri-

204 2233 290 2278 nam
307 2224 422 2280 totam
439 2225 537 2282 certa
549 2211 690 2282 ratione
705 2234 746 2282 ao
760 2210 818 2280 via
834 2233 1026 2308 exponere.
1043 2207 1153 2303 Cujus
1167 2231 1252 2304 pro·

204 2335 314 2429 positi
332 2334 525 2406 difficultas
543 2361 589 2407 ne
605 2360 671 2406 nos
684 2335 794 2406 lateat
811 2336 887 2433 ipse
906 2334 1078 2405 admonet
1093 2346 1223 2430 poeta:

309 2513 367 2567 Nee
380 2527 426 2569 me
438 2511 523 2568 animi
537 2512 606 2570 fallit
616 2513 763 2570 Graiorum
777 2513 893 2570 obscura
906 2520 1013 2585 reperta

308 2598 426 2657 Difficile
438 2600 583 2658 inlustrare
596 2601 702 2657 Latinis
716 2602 838 2658 versibus
852 2617 921 2671 esse,

308 2692 395 2747 Multa
408 2693 486 2748 novis
499 2692 588 2748 verbis
600 2691 751 2765 praesertim
763 2708 828 2748 eum
841 2691 876 2748 sit
890 2691 1027 2764 agendum

308 2783 424 2854 Propter
437 2789 586 2855 egestatem
601 2782 701 2855 linguae
715 2789 743 2838 et
753 2796 846 2838 rerum
859 2780 1011 2837 novitatem
1022 2784 1069 2849 (3).

250 2947 330 3014 Mox
359 2941 485 3013 eadem
513 2957 687 3039 queretur
712 2942 873 3030 Tullius,
901 2967 1113 3040 quanquam
1138 2967 1247 3040 prosa

201 3067 378 3154 oratione,
396 3091 469 3138 non
485 3068 604 3164 poesis
612 3068 765 3139 vinculis
779 3067 935 3165 illigatus
952 3066 1096 3155 scribat,
1111 3082 1147 3139 et
1163 3092 1246 3167 per-

200 3216 292 3288 saepe
314 3191 424 3261 nimia
442 3191 670 3263 aemulatione
684 3192 805 3288 gloriae
822 3193 970 3263 latinam
995 3193 1154 3287 linguam
1171 3217 1246 3263 non

202 3315 311 3386 modo
330 3340 403 3386 non
424 3316 568 3414 inopem
594 3341 668 3387 esse
686 3316 897 3408 contendat,
921 3316 983 3388 sed
1004 3341 1117 3413 graeca
1136 3317 1243 3388 etiam

198 3440 473 3539 locupletiorem
499 3439 513 3536 (
540 3440 566 3535 )

239 3640 279 3720 (1)
302 3640 408 3712 Plaut,
422 3641 524 3717 Capi„
539 3642 618 3701 111.Ι
1251 3715 1253 3719 ¹

239 3737 279 3817 (1)
303 3739 449 3813 Laetant,
468 3740 571 3798 Dtvtn.
596 3738 709 3811 Insttt„
734 3739 759 3809 1,
781 3738 831 3801 22.
856 3738 991 3817 Nonius,
1016 3738 1099 3803 verb.
1123 3737 1240 3813 infans.

197 3834 286 3894 Hune
301 3834 403 3894 locum
417 3832 621 3894 admirabatur
642 3852 677 3895 ae
697 3833 754 3896 sibi
773 3839 954 3898 vertendum
975 3836 1171 3917 proponebat
1189 3838 1243 3899 de-

198 3930 379 3993 siderandus
408 3937 512 3994 noster
536 3932 639 3994 Andre
667 3933 794 3996 Chenier
824 3934 896 4016 (vid.
925 3934 996 3997 edit.
1024 3935 1240 4015 Gharpentier,

198 4032 287 4104 1851,
304 4048 370 4109 pag.
389 4030 470 4109 198.)

234 4131 272 4206 (3)
293 4130 427 4204 Lueret,
443 4130 468 4201 I,
483 4131 542 4190 136
558 4127 712 4206 (Lachmt.

237 4227 274 4303 (1)
296 4223 368 4301 Cio,
387 4225 424 4287 de
437 4227 546 4301 Frate,
563 4228 595 4301 l,
612 4227 646 4302 3;
662 4227 718 4305 111,
734 4233 770 4305 ἒς
787 4229 825 4290 de
835 4230 907 4292 Nat.
922 4230 974 4301 1)..
989 4230 1021 4307 1,
1038 4232 1068 4291 1.
1084 4232 1242 4293 utcontra
