2902 5016
281 483 296 530 8
329 530 333 541 ,
582 480 622 530 DE
639 480 856 533 PHILOSOPlllCl
873 479 1029 533 Pounnata

281 600 365 672 culo
382 600 426 672 de
445 603 591 673 Portica
613 600 670 674 vix
697 617 812 699 poetae
838 626 973 673 nomen
999 599 1209 698 Empedocli
1239 624 1327 669 con·

280 724 385 797 cedat
408 724 473 822 (1).
500 724 616 813 Unde,
642 728 679 797 ni
704 726 822 818 fallor,
840 726 977 798 Bolaeus
1000 739 1137 814 noster,
1164 737 1329 795 veterum

280 848 563 921 studiosissimus
582 851 756 942 imitator,
779 852 816 921 in
834 850 1002 922 uberiore
1020 875 1062 920 ac
1082 849 1214 921 rectius
1230 847 1328 919 ordi·

279 990 364 1045 nata
378 971 590 1073 poematum
600 978 888 1066 enumeratione,
904 974 949 1046 de
964 975 1065 1074 poesi
1077 973 1329 1073 philosophica

167 1075 170 1080 .
280 1097 430 1170 omnino
455 1113 565 1187 tacet,
588 1100 637 1171 ita
665 1114 706 1172 ut
725 1125 800 1170 non
817 1099 1074 1198 Empedoclem
1090 1113 1246 1185 tantum,
1267 1095 1330 1167 sed

281 1239 316 1295 et
335 1224 542 1296 Lucretium
561 1225 668 1323 plane
688 1225 854 1320 ignorare
869 1223 1048 1303 videatur.

328 1354 412 1421 Esse
429 1364 551 1421 tamen
580 1349 740 1446 aliquam
756 1347 1002 1448 philosophici
1025 1345 1202 1446 poematis
1221 1356 1328 1416 natu·

279 1499 371 1565 ram,
397 1499 610 1572 quanquam
637 1475 770 1545 summi
798 1475 866 1547 viri
896 1498 975 1545 eam
1006 1497 1026 1543 e
1055 1471 1173 1570 poesis
1196 1466 1330 1540 finibus

278 1598 379 1671 velut
411 1599 572 1670 exsulare
596 1599 788 1694 jusserint,
821 1603 903 1696 quis
931 1622 1027 1669 nunc
1052 1596 1182 1693 neget?
1206 1599 1329 1683 Quum

279 1737 418 1796 veteres
433 1726 620 1820 θεωρητικῶς
636 1724 865 1823 potissimum
887 1723 1104 1823 quaestiones
1117 1719 1329 1815 hujusmodi

278 1845 450 1939 habeant,
473 1873 539 1920 nos
556 1854 722 1946 ἱστορικῶς,
739 1849 790 1920 nil
809 1853 944 1919 mirum
967 1849 996 1918 si
1016 1847 1061 1919 de
1080 1845 1204 1916 multis
1220 1843 1329 1915 rebus

280 1972 384 2044 aliter
401 1988 512 2070 atque
527 1974 595 2072 ipsi
609 1973 814 2046 docuerunt
833 1972 1052 2068 judicamus.
1078 1971 1133 2041 llli
1147 1968 1237 2067 quid
1253 1993 1329 2040 esse

280 2098 392 2196 possit
415 2112 479 2169 aut
497 2096 641 2190 debeat,
667 2099 774 2171 certis
793 2096 980 2197 principiis
1001 2094 1155 2186 inducti,
1176 2119 1270 2192 quae,
1288 2109 1330 2164 ut

280 2247 367 2294 vera
383 2224 473 2313 sint,
499 2222 592 2296 forte
609 2223 813 2321 angustiora
836 2223 965 2294 merito
982 2221 1190 2310 videantur,
1208 2219 1329 2316 inqui·

281 2345 423 2438 rebant,
446 2373 513 2418 nos
528 2347 618 2445 quid
632 2349 678 2419 sit
693 2363 803 2446 atque
816 2348 935 2419 fuerit.
954 2345 1056 2417 Unde
1074 2358 1171 2417 recte
1184 2344 1330 2416 conclu·

282 2469 394 2562 ditur,
405 2486 447 2542 ut
456 2486 540 2570 post
552 2477 752 2544 Homerum
762 2473 906 2572 epicum
920 2495 1079 2560 carmen,
1091 2484 1175 2568 post
1183 2468 1331 2566 AEschy-

281 2594 360 2666 lum
383 2595 677 2694 Sophoclemquc
705 2597 936 2694 tragoediam,
962 2598 1012 2667 sic
1040 2610 1076 2667 et
1093 2608 1176 2693 post
1198 2599 1329 2665 Lucre·

282 2720 374 2791 tium
402 2746 532 2819 poema
558 2721 876 2821 philosophicum,
904 2722 989 2794 licet
1013 2723 1132 2793 minus
1160 2718 1330 2792 omnibus

282 2847 443 2918 numeris
463 2844 685 2939 absolutum,
705 2864 742 2920 et
761 2874 838 2920 esse
859 2862 895 2920 et
907 2846 1047 2918 haberi.
1067 2853 1118 2918 Ex
1137 2845 1248 2917 altera
1264 2870 1330 2916 au·

282 2983 357 3040 tem
371 2971 427 3042 via
439 2996 634 3075 possumus
646 2975 683 3045 in
697 2974 847 3046 alteram
862 2997 987 3044 rursus
998 2971 1149 3068 ingredi,
1170 2995 1331 3067 quaerere

281 3093 449 3167 videlicet
459 3096 567 3193 quale
577 3099 635 3184 sit,
649 3100 790 3170 ratione
797 3098 930 3195 judice,
944 3096 1016 3169 hoc
1026 3096 1195 3168 carminis
1207 3122 1331 3193 genus,
1376 3116 1379 3121 ·

282 3219 416 3318 quibus
428 3219 566 3317 legibus
578 3247 706 3322 parere
719 3223 862 3314 debeat,
879 3221 1013 3320 quibus
1027 3220 1223 3294 virtutibus
1239 3247 1331 3293 verae

282 3345 385 3443 poesi
410 3370 487 3418 sese
507 3348 683 3440 ascribat,
704 3347 838 3447 quibus
860 3348 957 3420 vitiis
974 3344 1021 3417 ab
1043 3371 1086 3418 ea
1104 3346 1328 3420 excludatur.

329 3578 371 3661 (l)
386 3581 471 3642 Οὐδὲν
484 3580 512 3643 δὲ
527 3583 612 3645 κοινόν
627 3587 698 3647 ἐστιν
714 3584 829 3666 Ὁμήρῳ
842 3583 888 3644 καὶ
902 3583 1081 3662 Ἐμπεδοκλεῖ
1092 3581 1161 3656 πλὴν
1174 3581 1204 3643 τὸ
1216 3581 1330 3665 μέτρον·

285 3676 325 3738 διὸ
340 3677 385 3739 τὸν
404 3678 452 3759 μὲν
471 3681 585 3756 ποιητὴν
600 3683 699 3744 δίκαιον
714 3685 813 3759 καλεῖν,
830 3682 875 3743 τὸν
890 3681 918 3742 δὲ
935 3679 1088 3765 φυσιολόγον
1104 3684 1203 3760 μᾶλλον
1222 3681 1332 3756 ἢποιη-

284 3774 342 3848 τήν.
357 3780 442 3840 Poet.
460 3781 489 3842 l.
506 3781 541 3840 In
556 3780 617 3842 alio
631 3786 734 3843 autem
750 3799 787 3843 ac
798 3780 932 3843 maxime
948 3777 1152 3842 desiderando
1166 3777 1235 3860 Περὶ
1246 3781 1332 3850 Ποιη-

283 3875 337 3933 τῶν
350 3873 439 3952 libro,
456 3883 533 3939 teste
553 3878 700 3959 Diogene,
718 3879 810 3959 longe
827 3879 886 3941 alia
899 3877 1084 3959 scripserat:
1097 3876 1161 3939 'On
1175 3877 1221 3936 καὶ
1236 3881 1332 3960 ὁμηρι-

284 3968 357 4039 κὸςὸ
373 3969 573 4054 Ἐμπεδοκλῆς,
589 3976 634 4036 καλ
651 3977 733 4046 δεινὸς
748 3977 808 4058 περὶ
822 3976 870 4052 τὴν
885 3975 979 4059 φράσιν
992 3976 1091 4054 γέγονε,
1109 3975 1283 4056 μεταφορικός
1302 3998 1331 4034 τε

284 4063 332 4147 dtr,
342 4067 388 4127 καλ
401 4078 457 4137 τοῖς
464 4070 553 4139 ἄλλοις
566 4074 627 4157 περὶ
642 4073 782 4150 ποιητικὴν
794 4074 966 4154 ἐπιτεύγμασι
978 4073 1122 4154 χρώμενος.
1132 4071 1218 4152 Diog.
1230 4073 1329 4134 Laert.

283 4166 360 4242 vul,
374 4170 425 4230 57.
440 4169 483 4230 De
498 4189 557 4252 qua
563 4172 672 4252 judicii
686 4172 900 4252 inconstantia,
915 4174 940 4235 si
954 4171 1045 4235 ambo
1058 4169 1120 4234 loci
1129 4187 1200 4233 vera
1214 4170 1330 4233 Aristo·

283 4262 353 4326 talis
365 4269 446 4340 sunt,
466 4267 514 4329 alii
527 4268 665 4334 viderint.
