2902 5016
198 455 230 503 at
496 451 538 503 DE
555 453 773 508 Paltosoaflict
790 455 945 508 Pontinus

197 572 393 669 legentium
415 588 519 669 cogat
541 574 783 650 descendere?
808 577 916 666 Quod
941 579 1079 676 optime
1105 579 1246 652 viderat

198 695 442 768 nobilissimus
469 697 563 769 idem
595 699 838 800 philosophus
867 727 908 773 ac
941 717 1070 800 poeta,
1111 704 1247 776 stoicus

199 818 411 911 Cleanthes,
444 820 548 916 cujus
576 821 834 894 celeberrimus
865 824 902 894 in
929 829 1057 896 lovem
1087 823 1246 919 hymnus

198 944 307 1015 etiam
333 968 431 1016 nunc
450 969 592 1016 summa
614 971 699 1018 cum
726 946 963 1019 admiratione
977 947 1119 1043 legitur,
1140 949 1243 1019 alios·

198 1094 271 1167 que
283 1094 409 1140 versus
422 1074 557 1142 Seneca
572 1069 734 1142 laudavit
749 1096 792 1143 ac
812 1071 996 1144 transtulit
1012 1071 1041 1168 (l
1052 1074 1076 1166 ).
1102 1073 1247 1171 Quippe

198 1195 281 1290 qui,
312 1209 402 1266 teste
429 1194 560 1266 eodem
585 1201 738 1282 Seneca,
766 1221 840 1268 non
869 1197 1075 1295 exemplum
1102 1212 1245 1269 tantum

198 1318 428 1391 enuntiandae
441 1317 663 1390 carminibus
675 1319 927 1418 philosophiae,
942 1321 1005 1393 sed
1018 1338 1055 1395 et
1065 1322 1247 1394 rationem

199 1468 241 1514 ac
269 1467 396 1516 causas
422 1443 628 1542 protulerit.
667 1444 813 1517 Solebat
848 1447 944 1519 enim
974 1447 1094 1521 dicere
1120 1473 1248 1535 sensus

92 1567 95 1574 ’
199 1582 345 1640 nostros
376 1568 546 1640 clariores
576 1585 676 1641 arcta
707 1571 875 1642 carminis
905 1571 1115 1643 necessitate
1153 1570 1248 1642 effici

202 1693 542 1790 «quemadmodum
579 1694 726 1792 spiritus
762 1695 931 1767 clariores
965 1720 1076 1767 sonos
1111 1695 1246 1784 reddit,

199 1843 315 1914 quum
329 1818 433 1889 illum
447 1818 534 1891 tuba
548 1845 615 1917 per
626 1818 724 1915 longi
740 1819 875 1890 canalis
889 1819 1071 1916 angustias
1088 1833 1247 1891 tractum

198 1943 401 2040 patentiore
424 1943 618 2015 novrssime
637 1943 735 2016 exitu
753 1942 882 2014 esludit
902 1942 999 2039 (ἣν.
1031 1944 1098 2017 Cui
1116 1944 1248 2015 merito

199 2067 348 2139 assentit
360 2071 516 2157 Seneca;
538 2067 746 2160 assentient,
767 2067 912 2164 opinor,
935 2068 1158 2164 quicumque
1176 2074 1247 2138 Lu·

199 2194 354 2265 cretium
371 2193 522 2289 legerint
536 2192 602 2289 (3).

695 2566 760 2639 lV.‘

250 2878 318 2950 Hic
344 2893 465 2950 tamen
496 2879 631 2951 multos
656 2880 779 2970 audio,
808 2879 987 2977 equibus
1021 2880 1187 2951 nonnulli
1212 2883 1249 2952 in

149 3062 151 3065 .
202 3002 329 3099 primis
344 3001 441 3098 digni
457 3017 541 3074 sunt
559 3003 623 3099 qui
639 3001 834 3074 audiantur
848 3002 912 3099 (4),
936 3003 982 3075 de
1007 3028 1048 3075 ea
1074 3029 1113 3075 re
1137 3004 1251 3077 dividi

243 3238 284 3318 (1)
306 3237 427 3311 Senec,
443 3238 541 3316 Epist.
558 3237 723 3312 adlusit,
741 3241 809 3300 107.

245 3336 286 3414 (2)
307 3334 436 3409 Senect„
451 3336 552 3415 Epist.
564 3335 605 3394 ad
619 3337 729 3408 Lucil,
746 3338 816 3397 108.

244 3435 284 3518 (3)
310 3434 378 3512 lpse
391 3431 572 3496 Plutarchus
585 3449 678 3513 quem
692 3449 791 3513 nuper
806 3449 879 3512 erga
893 3431 1111 3514 Empedoclem
1125 3434 1252 3495 Parme-

202 3533 370 3613 nidemque
390 3531 469 3593 adeo
493 3530 624 3607 durum,
650 3531 718 3594 imo
730 3530 870 3611 iniquum
892 3530 1039 3607 vidimus,
1063 3530 1175 3594 fatetur
1190 3531 1252 3595 alio

202 3633 235 3695 in
251 3632 318 3696 loco
340 3629 459 3713 poesim
480 3628 682 3711 philosophiae
703 3646 766 3692 non
796 3645 863 3690 esse
890 3627 1031 3690 inutilem
1046 3646 1056 3690 ι
1069 3629 1178 3710 Ὥσπερ
1200 3629 1253 3712 γὰρ

202 3733 218 3790 ὀ
236 3727 420 3811 μανδραγόρας
440 3735 498 3794 ταῖς
517 3727 647 3807 ἀμπέλοις
666 3727 883 3810 παραφυόμενος,
907 3726 952 3786 καὶ
967 3726 1095 3796 διαδιδοὺς
1110 3725 1158 3801 τὴν
1173 3728 1253 3787 δύνα·

204 3852 249 3908 μιν
269 3830 307 3897 εἰς
326 3827 371 3887 τὸν
395 3817 478 3902 οἶνον,
497 3825 689 3908 μαλακωτέραν
709 3817 780 3886 ποιεῖ
802 3825 851 3898 τὴν
876 3824 1027 3907 καταφορὰν
1046 3833 1100 3894 τοῖς
1121 3826 1251 3886 πίνουσιν·

203 3925 272 3988 οὕτω
296 3923 356 3993 τοὺς
384 3923 477 4002 λόγους
499 3924 636 3997 ἡποίησις
654 3927 685 3984 ἐν
700 3921 855 4008 φιλοσοφίας
875 3921 1099 4003 ἀναλαμὸόνουοα
1123 3923 1254 4004 μιγνυμέ-

202 4046 262 4093 νους
279 4023 344 4107 πρὸς
365 4021 395 4082 τὸ
416 4023 549 4101 μυθῶδες,
563 4023 678 4104 ἐλαφρὰν
696 4021 742 4083 καὶ
761 4022 894 4104 προσφιλῆ
915 4020 1027 4101 παρέχει
1048 4029 1102 4087 τοῖς
1122 4021 1189 4088 νέοις
1203 4019 1253 4093 ela

204 4123 329 4203 μάθησιν.
345 4123 392 4184 De
412 4120 577 4181 audiendis
588 4125 697 4198 poetis,
714 4124 742 4183 1.

248 4219 290 4303 (i)
309 4219 351 4283 tt.
370 4215 409 4280 de
423 4218 594 4293 Fontanes,
608 4220 647 4282 Μ.
662 4215 837 4282 Villemain.
873 4255 874 4260 κ
