2902 5016
415 489 606 542 CONDITIONE
625 488 706 541 trun
723 486 910 539 tucnmtttn.
1169 492 1185 539 9

139 607 246 695 Quod
257 632 372 706 quum
387 635 407 682 a
421 613 566 684 nemine
576 612 753 683 hactenus
768 613 852 682 satis
867 625 1062 681 tractatum
1075 625 1186 707 atque

139 733 369 813 enucleatum
390 737 562 826 viderem,
585 737 786 835 expendere
808 761 875 834 pro
890 735 983 808 virili
1000 751 1116 832 parte,
1133 751 1183 826 et,

140 875 318 954 quantum
335 862 428 934 vires
447 863 697 962 suppeditent,
726 862 917 961 explanare
939 861 1089 932 institui.
1116 859 1187 932 Sed

139 1008 186 1055 ne
207 972 498 1084 latins‘evagetur
518 988 595 1060 haee
611 1013 692 1060 mea
710 987 983 1077 commentatio,
1004 987 1098 1057 intra
1112 991 1184 1056 Lu·

140 1111 294 1182 cretium
323 1136 381 1184 me
407 1113 617 1205 continebo,
655 1111 861 1211 inquirendi
888 1135 930 1181 ac
962 1107 1185 1205 dijudicandi

139 1235 398 1334 amplissimam
412 1253 448 1310 et
462 1237 723 1310 nobilissimam
746 1237 946 1307 materiem.

188 1356 242 1428 Ad
257 1383 368 1456 quam
382 1359 665 1457 disputationem
688 1382 912 1455 agressurus,
935 1376 1052 1453 quum
1071 1354 1186 1425 multa

140 1483 228 1574 alia,
259 1484 395 1555 tum'id
421 1485 512 1555 mihi
540 1486 718 1584 imprimis
743 1481 1022 1556 desiderandum
1049 1480 1183 1570 sentio,

140 1609 250 1706 quod·
261 1610 472 1706 magistrum
491 1610 739 1683 doctissimum
763 1625 873 1706 atque
898 1607 998 1679 omni
1016 1604 1186 1675 humani-

138 1733 223 1804 tatis
240 1759 368 1829 genere
386 1735 585 1832 expolitum
602 1735 727 1807 audire
744 1733 983 1831 nequiverim,
1002 1731 1078 1829 qui,
1097 1729 1186 1800 dum

139 1853 185 1928 de
220 1872 345 1930 nostro
367 1874 477 1958 poeta
506 1860 543 1931 in
575 1860 644 1931 hac
669 1857 888 1931 Sorbonensi
916 1855 1027 1928 domo
1059 1855 1187 1954 saepius

139 1980 299 2072 disserit,
316 2008 420 2077 eum,
442 1999 483 2056 ut
504 2010 578 2057 non
605 1979 714 2056 semel
736 1984 875 2054 dictum
904 1997 973 2074 est,
1003 1980 1107 2078 quasi
1131 1981 1187 2050 sui

134 2107 227 2203 juris
254 2108 350 2201 fecit,
373 2125 410 2182 et
429 2137 558 2209 quem,
585 2127 626 2182 ut
647 2110 925 2183 Valckenarium
948 2106 1186 2180 Ruhnkenius

138 2241 380 2330 ὀμηρικώτατον,
398 2236 447 2307 sic
465 2235 742 2332 significantiore
757 2232 869 2306 verbo
886 2233 1052 2304 omnium
1069 2230 1187 2302 homi·
1280 2235 1282 2238 ’

138 2381 229 2430 num
255 2361 292 2428 in
314 2361 481 2432 Lucretio
505 2360 787 2431 versatissimum
809 2357 928 2429 dicere
956 2371 992 2427 et
1016 2355 1125 2426 velim
1150 2368 1186 2425 et

139 2496 284 2580 aequ‘nm
313 2486 369 2560 sit.
399 2488 544 2557 Utinam
568 2485 606 2556 in
633 2486 696 2557 illo
721 2485 815 2556 felici
839 2482 1050 2555 auditorum
1072 2495 1184 2570 coetu,

138 2622 181 2678 ut
196 2608 397 2706 quondam,
421 2626 507 2682 tunc
528 2636 677 2708 quoque
698 2610 822 2681 sedere
835 2624 993 2680 attentus
1012 2623 1047 2678 et
1064 2620 1186 2702 gratus

136 2732 341 2832 potuerim!
372 2741 448 2806 Hoc
470 2736 661 2833 praecipuis
683 2734 915 2833 provincialis
941 2734 1022 2804 vitae
1046 2733 1185 2802 incom-

137 2857 257 2929 modis
274 2858 528 2949 adnumerem,
555 2860 655 2957 qnod
674 2884 740 2930 nos
758 2859 887 2956 procul
908 2883 928 2929 a
947 2856 1186 2928 dilectissimis

137 2985 316 3079 magistris
339 2983 543 3074 abstrahat3
574 3009 658 3056 nam
681 2983 764 3055 libri
784 2984 855 3055 emi
878 2996 1044 3081 possunt,
1065 2983 1185 3052 vivam

137 3105 300 3180 docentis
338 3135 466 3181 vocem
495 3112 577 3208 quis
614 3109 741 3181 reddet
781 3108 942 3181 absenti?
977 3113 1061 3178 Tres
1096 3105 1186 3176 mihi

137 3246 281 3304 tantum
299 3233 461 3307 aditiales
482 3235 665 3307 orationes
681 3233 894 3306 consulendi
913 3234 1018 3329 copia
1034 3232 1132 3328 suit(
1156 3233 1182 3330 ),

136 3359 173 3429 in
198 3358 331 3456 quibus
352 3385 427 3457 quo
451 3360 557 3459 plura
583 3359 784 3453 discebam,
810 3384 854 3432 eo
883 3360 920 3429 in
947 3359 1063 3454 majus
1083 3381 1184 3429 exar-

137 3481 306 3556 descebat
347 3485 520 3584 plenioris
562 3485 758 3584 disciplinae
795 3483 1027 3556 desiderium.
1067 3487 1185 3571 Quam

138 3633 256 3705 quum
269 3608 366 3705 justa
391 3609 510 3686 officia
537 3610 627 3683 mihi
649 3610 869 3701 inviderent,
893 3637 968 3683 non
991 3609 1073 3681 ideo
1097 3606 1185 3704 abji-

138 3733 286 3805 ciendos
300 3733 444 3807 codices
456 3737 593 3827 censui,
610 3763 676 3809 nee
692 3736 933 3835 deplorandas
949 3736 1103 3833 vigilias3
1124 3733 1186 3805 sed

136 3858 260 3956 potius
276 3840 377 3956 operi
393 3885 437 3931 eo
460 3863 577 3931 acrius
596 3861 854 3954 insistendum3
871 3861 917 3933 de
936 3861 1064 3933 ceteris
1083 3859 1186 3931 beni·

137 3982 264 4078 gnitati
273 3983 405 4079 judicis
424 3987 595 4078 conlisus,
616 3989 752 4086 quippe
771 3988 834 4085 qui
851 4003 1018 4087 expertus
1036 3986 1105 4057 sim
1126 4010 1187 4057 eos

180 4262 220 4342 (l)
242 4266 400 4329 Annorum
418 4269 506 4342 1856,
525 4269 613 4344 1858,
636 4271 723 4332 1859.
