2902 5016
200 415 232 465 st
500 412 541 462 DE
557 409 771 462 annosorum
788 409 944 462 romans

199 508 386 629 equorum
402 533 512 604 vitam
540 533 644 629 quasi
668 530 874 603 uberiorem
898 526 1080 614 describit,
1110 525 1241 624 quibus

194 657 271 753 jam
287 681 429 728 amores
443 656 662 752 doloresque
678 670 762 725 sunt
778 655 852 744 sui3
870 653 1017 726 tandem
1029 652 1076 724 ad
1090 651 1239 746 majora,

198 781 363 876 quamvis
383 781 420 852 in
439 782 559 878 parvis
578 778 807 869 animalibus,
829 803 866 850 se
886 777 1053 873 accingit,
1074 792 1111 849 et
1129 773 1242 846 admi-

200 904 313 977 randa
330 906 418 978 dicit

571 1135 686 1191 Levium
700 1133 854 1206 spectacula
867 1148 970 1202 rerum,

306 1222 555 1296 Magnanimosque
568 1223 662 1289 duces,
676 1223 816 1295 totiusque
829 1222 926 1279 ordine
940 1220 1030 1295 gentis

307 1313 408 1380 Mores,
424 1320 453 1368 et
463 1311 564 1382 studia,
577 1321 605 1368 et
622 1311 748 1384 populos,
763 1314 790 1368 et
804 1311 909 1384 proeiia.
1006 1307 1008 1312 ’

201 1524 310 1615 Quod
329 1525 458 1597 vellem
483 1540 519 1596 et
539 1527 727 1597 Lucretius
747 1528 784 1597 in
802 1523 1014 1597 hominibus
1029 1525 1189 1613 secisset3
1214 1538 1251 1596 et

203 1651 317 1748 gentis
334 1649 504 1721 humanae
520 1650 745 1748 spectaculis,
768 1651 885 1722 multo
909 1674 993 1722 sane
1009 1649 1252 1721 admiratione

204 1772 441 1872 dignioribus,
459 1799 552 1873 opus
567 1800 674 1846 suum
690 1775 938 1846 conclusisset.

252 1904 300 1970 Ac
314 1923 361 1970 ne
377 1898 459 1996 quis
473 1914 578 1995 putet
595 1899 762 1971 ordinem
793 1899 896 1969 illum
927 1923 968 1968 ex
988 1898 1144 1996 Epicuro
1166 1923 1251 1969 mu-

204 2038 347 2096 tuatum
362 2048 438 2094 esse
452 2024 660 2094 Lucretium
674 2022 824 2095 monent
838 2048 919 2119 quae
931 2022 1008 2118 jam
1022 2022 1068 2093 de
1082 2023 1254 2093 Hercula·

203 2146 375 2219 nensibus
393 2146 639 2217 voluminibus
661 2147 747 2219 dixi.
778 2152 943 2243 Namque
969 2171 1085 2243 quum
1106 2147 1254 2242 triginta

205 2286 344 2369 septem
356 2268 456 2340 libris
465 2272 668 2342 constitisse
680 2272 823 2370 Epicuri
836 2275 914 2367 Περὶ
924 2277 1043 2352 Φύσεως
1053 2295 1146 2368 opus
1155 2295 1254 2342 com·

204 2409 350 2494 perium
374 2394 435 2484 sit,
462 2395 499 2464 in
522 2395 714 2466 undecimo
745 2395 790 2466 de
815 2395 984 2467 meteoris
1011 2393 1250 2484 tractabatur,

206 2544 287 2616 quae
311 2533 537 2617 postremum
562 2519 686 2590 locum
713 2519 812 2619 apud
837 2520 1044 2591 Lucretium
1070 2517 1251 2591 obtinent.

205 2642 303 2731 Quid
324 2643 432 2738 igitur
448 2643 573 2738 viginti
589 2668 649 2714 sex
667 2659 856 2740 sequentes
871 2642 1119 2734 continebant,
1137 2667 1254 2740 quum

206 2792 354 2838 omnem
380 2767 588 2865 epicuream
615 2767 819 2840 doctrinam
848 2768 1036 2839 Lueretius
1058 2767 1254 2864 complecti

208 2891 393 2962 videatur?
426 2896 494 2981 Ea,
516 2891 660 2989 opinor,
694 2917 775 2989 quae
804 2907 912 2990 poeta
933 2905 1058 2962 noster
1081 2893 1119 2985 in
1138 2892 1254 2990 priori

205 2998 374 3086 carminis
390 3029 494 3112 parte
512 3015 724 3112 exponenda
737 3017 890 3086 censuit.
905 3016 1115 3112 Quidquam
1130 3031 1253 3088 tamen

205 3139 242 3207 in
260 3136 318 3207 his
330 3137 512 3209 affirmare
530 3139 772 3236 imprudentis
791 3141 854 3230 sit,
871 3140 939 3210 nisi
953 3140 1076 3236 plures
1090 3139 1255 3235 ejusdem

206 3262 325 3359 operis
349 3261 487 3333 laciniae
514 3288 534 3333 e
558 3288 782 3361 papyrorum
808 3263 989 3335 cineribus
1020 3264 1189 3336 incendio
1215 3267 1254 3337 in

206 3383 382 3456 carbones
398 3410 584 3457 versarum
599 3388 649 3458 ita
667 3387 818 3459 feliciter
831 3389 1062 3461 inveniantur
1074 3404 1116 3460 ut
1134 3390 1255 3462 evolvi

206 3533 248 3581 ac
266 3509 335 3606 legi
351 3511 504 3609 possint.

255 3640 335 3706 Non
349 3660 408 3707 me
426 3635 513 3706 latet
535 3637 644 3708 fuisse
662 3639 726 3734 qui
743 3653 779 3708 et
798 3640 954 3710 Lucretii
977 3663 1108 3737 poema
1134 3639 1253 3712 multo

204 3758 346 3855 longius
364 3760 551 3856 quondam
577 3762 749 3833 exstitisse
773 3763 1005 3853 crediderint,
1036 3763 1255 3859 conjecturis

203 3882 285 3954 freti
310 3909 401 3980 quas
413 3884 632 3982 jampridem
647 3892 689 3958 V.
703 3891 744 3957 C.
761 3886 1022 3959 Eichstaedtius
1039 3887 1253 3961 confutavit.

204 4012 341 4106 Nempe
365 4009 401 4078 in
423 4007 505 4080 loco
524 4010 678 4081 Terentii
700 4012 872 4082 Varronis
896 4010 961 4082 ubi
982 4010 1027 4082 de
1042 4036 1115 4083 uno
1142 4028 1179 4083 et
1201 4013 1254 4083 vi·

205 4127 293 4223 ginti
312 4131 469 4202 Lucretii
488 4130 590 4203 libris
608 4134 745 4206 mentio
764 4133 819 4224 fit,
832 4133 910 4230 jam
928 4160 1055 4207 omnes
1073 4136 1253 4209 Lucilium
