2902 5016
287 474 318 523 tt
586 471 628 520 DE
644 468 859 521 Pffltosoeiuoi
876 468 1032 520 coeuntis

285 607 498 664 contentum
512 591 585 662 suis
604 589 712 663 rebus
736 615 811 662 esse
831 592 994 660 maximae
1013 604 1098 660 sunt
1112 590 1335 660 certissimae-

285 703 357 813 quit
374 717 506 787 divitiae
525 716 622 813 (1)».

334 837 431 926 Quid
455 838 501 909 de
525 842 652 909 mortis
678 837 914 934 contemptu?
936 841 1031 907 Num
1060 837 1177 930 majus
1197 836 1337 933 ahquid

285 988 327 1034 ac
346 963 465 1034 verius
483 963 699 1034 invenerunt
716 961 821 1032 stoici
839 960 899 1031 iila
917 966 1060 1032 Naturae
1078 960 1337 1058 prosopopoeia

285 1113 357 1185 qua
375 1086 517 1158 homini
542 1087 623 1157 vitae
648 1087 801 1157 nimium
822 1084 957 1183 cupido
985 1085 1234 1157 necessitatem
1253 1110 1338 1157 mo·

284 1212 400 1285 riendi
420 1213 633 1284 denuntiat?

389 1403 470 1460 Cedit
483 1402 568 1472 enim,
579 1417 674 1458 rerum
685 1400 806 1458 novitate
818 1408 937 1466 extrusa,
953 1407 1073 1456 vetustas

389 1494 515 1565 Semper,
530 1499 559 1549 et
571 1506 605 1547 ex
616 1490 676 1546 aliis
689 1488 763 1546 aliud
777 1502 904 1561 reparare
917 1502 1029 1544 necesse
1040 1496 1104 1545 est:

388 1583 515 1640 Materies
526 1597 595 1654 opus
607 1589 649 1637 est
663 1588 694 1636 ut
707 1588 830 1636 crescant
845 1588 954 1653 postera
968 1578 1041 1636 secia
1056 1584 1066 1647 (
1084 1582 1105 1646 ).

286 1752 398 1824 Velim
427 1750 597 1849 equidem
626 1751 841 1823 morientem
859 1752 937 1823 aliis
958 1749 1079 1823 verbis
1109 1751 1245 1822 solatus
1266 1753 1335 1840 sit;

174 1969 183 1983 .
284 1877 317 1946 ei
343 1890 427 1946 ante
451 1875 577 1945 oculos
600 1874 751 1946 alteram
773 1872 966 1969 subjecerit
993 1875 1118 1961 vitam,
1150 1873 1337 1970 deumque

283 1998 466 2070 bonorum
486 1999 740 2096 malorumque
765 2013 975 2071 nostrorum
998 1997 1269 2070 observatorem
1292 2024 1337 2070 ac

283 2124 486 2212 custodem,
508 2126 573 2221 qui
589 2123 665 2219 jam
684 2124 831 2222 praemia
846 2123 915 2222 piis
938 2139 1130 2220 praeparat,
1163 2121 1334 2218 filiosque

282 2248 330 2320 ad
347 2275 383 2320 se
402 2249 570 2339 reduces,
600 2263 640 2319 ut
666 2263 787 2347 pater,
813 2247 981 2344 amplexu
1003 2248 1167 2345 excipiet.
1196 2247 1266 2318 Sed
1289 2247 1337 2318 de

286 2373 355 2462 his,
373 2375 411 2443 ni
424 2374 543 2463 fallor,
564 2397 638 2443 non
659 2374 780 2443 minus
802 2370 970 2443 tacebant
992 2372 1108 2462 stoici,
1130 2372 1188 2442 rel
1206 2372 1336 2442 saltem

283 2514 400 2570 tacere
417 2497 637 2583 debuissent,
651 2498 787 2596 quippe
800 2498 864 2594 qui
875 2514 1043 2569 naturam
1053 2498 1182 2568 animae
1192 2498 1333 2592 igneam

283 2622 520 2714 declarand0,
552 2648 767 2721 corpoream
793 2648 868 2694 esse
895 2621 1176 2720 profiterentur,
1214 2647 1335 2719 eoque

283 2764 425 2820 tantum
449 2747 561 2819 modo
578 2762 749 2818 aeternam
765 2763 805 2819 ut
824 2763 952 2820 ceterae
973 2773 1098 2818 omnes
1116 2762 1201 2818 sunt
1220 2764 1334 2819 matc-

283 2872 350 2943 riei
371 2886 509 2970 partes3
531 2871 716 2969 deumque
739 2896 845 2942 suum
871 2871 962 2941 nihil
988 2871 1088 2943 aliud
1112 2896 1187 2943 csse
1221 2895 1335 2970 quam

284 2996 464 3067 mundum
480 2997 613 3093 ipsum,
630 2994 730 3066 duris
743 2995 806 3067 fati
821 2994 960 3091 legibus
975 2995 1165 3092 illigatum,
1181 2998 1336 3095 sapienti
1356 2987 1359 2995 ¹

283 3122 342 3192 vix
352 3146 492 3218 parem,
516 3119 653 3190 nedum
665 3118 742 3214 ejus
751 3119 863 3214 judex
875 3144 951 3190 esse
965 3122 1108 3218 possit(
1131 3122 1157 3218 ).

283 3266 285 3290 ³
334 3243 430 3334 Quid
450 3242 551 3340 quod
564 3245 761 3341 Epicureus
778 3244 857 3334 iste,
879 3269 1090 3340 quanquam
1114 3245 1151 3315 in
1175 3245 1335 3339 magistri

288 3367 395 3441 verba
419 3367 501 3466 pius
522 3393 626 3466 aequo
650 3367 774 3463 jurare
795 3367 988 3438 adstrictus
1017 3362 1089 3458 est,
1113 3393 1273 3467 persaepe
1300 3371 1336 3440 vi

286 3491 444 3589 quadam
461 3492 634 3583 veritatis,
654 3505 696 3562 ut
715 3491 764 3563 ita
787 3491 926 3584 dicam,
945 3490 1126 3580 devictuS,
1148 3507 1336 3592 acceptam

326 3759 367 3840 (i)
388 3759 492 3827 Cicer„
503 3759 683 3830 Parodana,
699 3759 757 3837 VI,
775 3761 802 3820 3.

327 3857 367 3940 (2)
392 3859 526 3928 anret.‚
539 3858 594 3931 ΙΙΙ,
611 3860 670 3918 964
685 3855 839 3935 (Lachm.).

326 3956 366 4037 (3)
389 3957 433 4017 De
456 3953 569 4034 quihus
594 3952 661 4014 vide
687 3952 935 4034 exquisitissimae
966 3952 1111 4017 doctrinae
1142 3962 1333 4017 commenta-

285 4053 400 4114 tionem
416 4051 466 4113 cui
480 4049 588 4112 titulus
602 4049 782 4112 inscribitur
797 4067 806 4111 t
822 4051 965 4112 Memoire
985 4060 1038 4113 sar
1053 4055 1081 4113 ie
1102 4059 1265 4130 stoicr'sme,
1278 4073 1337 4134 par

284 4153 323 4214 M.
342 4151 426 4212 Felix
449 4147 633 4221 Ravaisson‚
662 4150 820 4211 Memoires
841 4150 877 4210 cle
896 4149 1064 4227 tietuini,
1085 4152 1248 4213 Academie
1281 4152 1337 4213 cles

285 4255 479 4329 inscriptions
493 4254 522 4310 ct
535 4247 753 4326 certes-teucer,
772 4246 912 4311 nouvelle
928 4248 1023 4326 serie,
1037 4256 1061 4312 t.
1076 4252 1160 4326 XXI,
1176 4254 1263 4312 4857.
