2902 5016
482 450 670 503 conomoun
687 452 770 503 arun
787 418 975 505 Lucanum.
1219 429 1249 503 ai

206 562 297 662 rain,
317 571 494 643 infelicem
509 571 655 643 alterius
678 571 840 644 laborem
860 544 1195 671 incusemsNempe
1214 572 1251 643 in

207 695 425 792 quibusdam
438 697 556 796 ipsum
567 712 713 796 poetam
723 696 995 795 deprehendere
1005 698 1096 769 mihi
1108 697 1247 787 videor,

207 816 428 893 tentabunda
450 846 559 894 manu
577 814 700 894 locuin
718 824 899 921 egregium
920 849 1018 895 nunc
1042 823 1130 914 huc,
1151 847 1250 894 nunc

205 944 290 1017 illue
318 947 605 1038 transferentem,
627 963 849 1046 quaerentem
873 947 936 1019 ubi
961 949 1089 1020 melius
1120 973 1157 1020 se
1181 947 1249 1019 ha-

206 1069 315 1142 beant
326 1072 494 1144 nonnulli
503 1097 641 1161 versus,
662 1073 924 1171 expendentem
944 1072 1034 1172 quid
1045 1073 1083 1144 in
1100 1071 1250 1145 diversis

205 1194 369 1292 partibus
387 1197 528 1269 valeant
547 1197 846 1295 atqueeffieiant.
868 1198 976 1287 Quod
988 1222 1064 1270 non
1083 1196 1251 1269 dubitan-

204 1319 294 1389 dum
327 1334 379 1391 est
409 1321 498 1418 quin
524 1322 662 1419 optime
691 1321 846 1394 vidisset.
866 1338 976 1420 atque
1007 1322 1168 1420 elegisset
1194 1322 1251 1393 vir

205 1443 295 1513 tanti
324 1445 471 1539 ingenii,
504 1446 572 1516 nisi
595 1470 802 1544 supremam
824 1471 972 1518 manum
995 1445 1098 1545 operi
1121 1446 1247 1518 admo-

203 1591 288 1638 vere
307 1581 404 1639 mors
423 1567 679 1666 prohibuisset.
1153 1545 1156 1551 Ι

253 1692 364 1788 Cujus
388 1695 441 1764 rei
468 1718 586 1792 unum,
607 1693 756 1765 afferam
783 1690 1002 1794 exemplum,
1029 1697 1066 1767 in
1091 1720 1184 1794 qu0,·
1211 1697 1250 1767 ni

204 1816 323 1908 fallor,
356 1819 489 1889 mirum
518 1818 554 1889 in
584 1818 753 1909 modum,
786 1844 997 1917 quanquam
1014 1819 1167 1892 'diversa
1190 1845 1248 1891 ra·

204 1943 321 2032 tione,
354 1959 564 2015 erraverunt
595 1943 680 2014 eiari
711 1945 791 2016 viri.
827 1949 940 2016 Nemo
971 1961 1025 2017 est
1056 1947 1145 2045 quin
1174 1970 1248 2016 me-

204 2069 319 2138 moria
355 2067 672 2165 praestantissimos
698 2067 780 2138 illos
811 2093 936 2140 versus
966 2084 1086 2141 teneat
1116 2054 1249 2169 quibus

203 2201 312 2290 poeta
331 2216 368 2263 se
391 2193 500 2263 «avia
523 2191 702 2264 Pieridum
720 2218 910 2291 peragrare
925 2194 1039 2266 loca»
1062 2195 1161 2284 dicit,
1182 2192 1248 2264 sibi

203 2317 378 2413 insignem
397 2342 570 2389 coronam
591 2317 784 2416 pollicetur

243 2568 246 2571 ,
308 2515 391 2574 Unde
405 2516 482 2591 prius
492 2517 560 2574 nulli
574 2516 689 2577 velarint
701 2517 936 2589 temporarium,

205 2693 424 2787 causamque
445 2690 561 2789 aperit
588 2715 654 2794 cur
678 2693 814 2761 Musaeo
835 2688 937 2760 melle
957 2714 1016 2762 res
1034 2690 1145 2787 paulo
1168 2692 1250 2761 tris·

203 2818 325 2905 tioreS,
359 2831 395 2886 et
413 2839 434 2885 a
457 2812 589 2914 quibus
605 2815 734 2909 vulgus
751 2811 959 2902 abhorreat,
976 2814 1183 2910 contingere
1198 2817 1249 2885 in-

203 2939 384 3030 stituerit;
406 2938 507 3009 hunc
526 2954 648 3010 autem
666 2938 788 3043 locum
807 2937 863 3009 bis
880 2939 948 3034 legi
969 2963 1096 3011 omnes
1115 2939 1246 3026 sciunt,

202 3067 238 3136 in
267 3064 386 3136 media
415 3063 497 3135 dico
527 3064 635 3162 primi
668 3061 751 3134 libri
782 3078 906 3162 parte,
927 3081 1025 3134 mox
1056 3062 1094 3134 in
1125 3065 1245 3162 quarti

201 3187 348 3260 exordio
362 3185 428 3284 (1),
445 3185 513 3257 nisi
528 3185 629 3285 quod
643 3186 744 3284 prius
760 3211 845 3258 cum
860 3186 1145 3285 praecedentibus
1160 3213 1246 3259 eon-

201 3314 376 3403 tinuatur,
399 3311 579 3410 posterius
603 3331 691 3382 vero
711 3335 777 3409 per
795 3320 840 3382 'se
863 3327 945 3384 stat.
972 3311 1065 3384 'Inde
1090 3328 1245 3410 uterque

200 3436 387 3509 communi
411 3458 500 3507 voce
518 3433 816 3533 interpolatorem
835 3458 997 3531 arguere.
1019 3440 1063 3508 At
1083 3437 1167 3508 vide
1184 3437 1243 3532 ju-

200 3561 283 3632 dieii
302 3560 526 3632 varietatem.
545 3559 759 3656 Forbigerus
782 3560 1021 3657 posteriorem
1044 3560 1167 3633 locum
1185 3586 1243 3632 so-

199 3686 277 3757 lum
302 3684 499 3780 genuinum
525 3709 599 3756 esse
626 3684 840 3774 arbitratur,
866 3685 1026 3783 priorem
1058 3686 1103 3757 ad
1136 3685 1244 3780 hujus

199 3810 438 3881 imitationem
452 3794 682 3898 fabricatum,
702 3839 718 3874 α
738 3806 917 3880 absonum
930 3825 1051 3881 autem
1071 3826 1107 3882 et
1121 3812 1244 3881 incon·

198 3935 408 4006 cinnum».
441 3934 693 4006 Lachmannus
721 3947 870 4025 contra3
902 3959 988 4005 nam
1021 3960 1136 4034 quum
1162 3935 1243 4029 jure

241 4205 282 4286 (t)
302 4209 433 4285 Lueret,
451 4210 478 4282 1,
496 4207 556 4270 926
569 4224 653 4287 seqq.
668 4206 766 4278 -1v,
781 4208 796 4266 1
811 4223 898 4287 seqq.
918 4205 1090 4289 (Lachmts
1131 4186 1133 4191 ‚
