2902 5016
501 470 542 523 ott
558 469 774 524 Paltosorfflm
791 469 950 520 Ponunrls

307 587 421 645 Excitur
435 588 549 660 pedibus
562 589 678 658 sonitus,
693 588 868 661 clamoreque
880 596 992 644 montes

306 678 358 734 Icti
371 679 505 750 rejectant
516 694 596 735 voces
606 678 641 736 ad
656 678 745 736 sidera
759 677 873 735 mundi:

306 768 342 822 Et
353 767 574 824 circumvolitant
586 767 701 839 equites,
718 765 876 839 mediosque
889 773 1003 838 repente

305 855 475 911 Tramittunt
488 854 575 912 valido
590 855 742 927 quatientes
757 855 859 926 impete
873 869 1007 925 campos:

304 944 341 998 Et
353 951 446 1000 tamen
458 951 499 1000 est
512 944 625 1016 quidam
638 945 713 1000 locus
724 942 786 999 altis
801 941 953 1012 montibus,
969 941 1042 998 unde

304 1033 382 1089 Stare
396 1031 515 1103 videtur,
528 1041 557 1090 et
568 1031 598 1089 in
609 1032 713 1104 campis
726 1031 874 1088 consistere
888 1030 978 1104 lulgur
991 1036 1038 1100 (l).

200 1208 271 1295 Qui
289 1233 414 1280 versus
433 1225 570 1306 quanta
586 1209 839 1300 delectatione,
858 1225 995 1308 quanta
1011 1208 1251 1280 admiratione

200 1336 382 1404 Romanos
394 1332 575 1423 homines,
592 1335 711 1432 patrio
725 1333 847 1406 studio
861 1336 913 1405 rei
928 1335 1074 1430 agrariae
1085 1333 1194 1403 simul
1208 1356 1250 1402 ac

200 1456 347 1527 militari
373 1456 625 1545 deditissimus
655 1483 802 1529 movere
828 1455 1057 1530 debuerunt!
1090 1458 1187 1544 Quin
1214 1471 1250 1528 et

199 1605 326 1652 omnes
355 1580 523 1652 homines
556 1606 698 1680 semper
733 1579 951 1668 movebunt,
987 1596 1067 1651 tum
1095 1581 1248 1651 veritate

199 1705 375 1803 imaginis,
398 1720 478 1777 tum
498 1707 652 1805 pulchra
676 1732 798 1778 rerum
818 1707 954 1803 effigie,
977 1721 1055 1777 tum
1079 1705 1250 1776 carminis

199 1831 375 1903 suavitate
396 1846 432 1902 et
447 1833 592 1930 poetico
606 1831 669 1903 illo
684 1857 802 1924 sensu,
820 1831 865 1902 de
884 1856 959 1929 quo
975 1830 1052 1927 jam
1074 1830 1246 1919 diximuS,

199 1954 264 2050 qui
289 1954 418 2026 melius
443 1956 564 2028 animo
589 1956 789 2054 percipitur
808 1981 919 2052 qnam
938 1952 1249 2027 circumscribitur

198 2075 420 2151 delinitione.

247 2207 374 2274 Nonne
399 2218 521 2274 autem
544 2205 601 2274 vel
620 2202 830 2300 pulchriora
855 2205 985 2275 merito
1007 2203 1139 2275 dixeris
1167 2227 1249 2298 quaa

198 2342 415 2423 sequuntur,
428 2353 544 2425 quum
553 2329 661 2399 variis
672 2343 814 2399 atomos
823 2326 947 2425 figuris
958 2353 1034 2398 esse
1044 2327 1191 2415 docens,
1207 2342 1249 2397 ut

197 2450 371 2539 viventia,
407 2475 480 2548 qua
507 2451 682 2522 'varietate
719 2450 814 2522 letus
849 2451 1057 2522 animalium
1093 2465 1247 2520 matrem

198 2590 409 2673 agnoscunt,
433 2575 533 2647 addit
551 2574 869 2647 celebratissimum
890 2575 990 2647 illam
1013 2600 1129 2647 vaccae
1148 2576 1245 2645 vitu·

197 2700 275 2771 lum
296 2701 472 2772 amissum
491 2701 709 2799 requirentis
722 2700 1001 2798 descriptionem
1016 2699 1092 2796 (2)?
1111 2705 1244 2790 Quam,

197 2850 243 2896 ne
274 2824 397 2896 videar
429 2826 586 2897 Lucretii
624 2825 753 2897 scrinia
787 2826 1006 2924 compilare,
1052 2824 1247 2923 ipsumque

196 2965 312 3050 poetae
341 2975 501 3037 carmen,
525 2975 599 3021 non
625 2952 811 3049 propriam
838 2951 945 3022 edere
965 2949 1245 3022 commentatio-

196 3100 295 3164 nem,
311 3073 372 3145 hic
388 3073 628 3146 transcribere
640 3075 870 3174 supersedeo.
891 3081 1102 3172 Quoraquom
1115 3070 1157 3144 o!
1174 3072 1245 3144 Sed

198 3223 345 3271 omnem
372 3197 505 3270 librum
533 3201 701 3271 tenuitati
729 3200 924 3272 voluminis
950 3198 1060 3294 hujus
1088 3199 1245 3269 inserere

198 3335 395 3419 oporteret,
420 3321 556 3418 quippe
574 3321 611 3391 in
633 3347 708 3419 quo
725 3321 825 3393 nulla
842 3345 944 3418 paene
955 3320 1083 3418 pagina
1101 3321 1146 3390 sit
1165 3344 1246 3417 qnae

197 3469 272 3515 non
287 3443 456 3516 notandis
470 3459 580 3542 atque
593 3444 814 3517 admirandis
830 3442 1027 3517 verborum
1043 3468 1084 3514 ac
1101 3459 1246 3515 senten·

198 3569 330 3640 tiarum
346 3567 545 3641 luminibus
562 3584 708 3640 scateat.
727 3574 809 3642 Mox
823 3569 919 3641 enim
936 3569 1140 3640 invenimus
1152 3593 1245 3667 prae-

197 3693 336 3766 clarum
360 3694 618 3790 naufragorum
643 3692 915 3765 similitudinem
935 3694 1005 3790 (3);
1036 3707 1073 3764 et
1094 3694 1242 3790 praeola-

237 4043 280 4122 (Ι)
302 4044 424 4103 Lucret.
440 4038 483 4111 ΙΙ,
498 4042 635 4102 alt-332
651 4040 811 4119 (Lachm.).

238 4138 277 4220 (Ι)
301 4141 420 4200 Lucret.
434 4138 476 4212 ll,
495 4138 632 4199 aaa-366
649 4137 808 4220 (Lachm.).

237 4240 276 4320 (3)
300 4237 415 4299 Lucret.
431 4235 801 4316 11,aoa-ua9(Lachm.).
