2902 5016
222 438 253 486 60
518 435 559 486 DE
575 434 795 486 rnttosorntct
810 433 965 487 POEMATIS

270 562 394 653 Neque
411 556 467 628 his
481 557 565 628 solis
579 559 802 628 ornamentis
817 571 940 627 noster
953 556 1136 627 tristitiam
1153 569 1267 626 mate-

220 681 317 752 teriae
334 706 444 778 quam
464 681 620 777 elegerat
638 680 836 753 exhilarare
854 706 896 752 ac
914 681 1071 776 legentes
1086 680 1266 752 delectare

219 804 371 895 studuit,
392 805 455 877 sed
476 821 512 877 et
530 805 599 877 illis
615 804 925 895 similitudinibus,
945 802 1261 901 descriptionibus,

218 926 397 1010 ἐπεισοδίοις
417 955 499 1028 quae
519 931 592 1026 jam
611 930 852 1002 laudavimus.
873 934 922 1000 Ea
940 953 1072 1027 nempe
1097 927 1264 1000 consulto

217 1052 367 1124 consilio
384 1055 434 1124 ita
451 1055 557 1126 certis
573 1054 659 1126 locis
679 1052 840 1150 disponit
855 1068 895 1124 ut
914 1077 1104 1150 nunquam
1121 1053 1265 1151 longius

218 1176 264 1248 sit
277 1201 343 1274 per
360 1193 569 1274 argumenta
580 1177 672 1249 sicca
691 1192 803 1275 atque
821 1176 979 1249 difficilia
991 1177 1061 1248 iter
1078 1177 1124 1248 ad
1144 1202 1200 1268 ea,
1222 1193 1265 1248 ut

216 1301 266 1372 ita
282 1301 415 1392 dicam,
437 1301 660 1373 diverticula.
681 1306 797 1389 Quam
817 1317 933 1373 artem
948 1326 1022 1372 non
1041 1302 1173 1372 minori
1189 1317 1264 1373 stu-

215 1424 276 1496 dio
301 1450 343 1497 ac
369 1426 537 1498 felicitate
558 1425 726 1522 Virgilius
750 1427 912 1497 imitatus
930 1441 1004 1515 est,
1035 1425 1171 1524 quippe
1198 1427 1263 1524 qui
1348 1410 1352 1417 ¹

214 1549 484 1621 Atheniensium
510 1550 751 1649 pestilentiam
775 1565 1023 1622 armentorum
1047 1574 1088 1621 ac
1113 1575 1261 1647 gregum

213 1675 415 1746 autumnali
439 1673 591 1766 morbo,
621 1689 662 1746 ut
689 1675 726 1746 in
752 1674 937 1773 palaestra,
971 1674 1160 1747 aemulatus
1183 1699 1261 1747 esse

212 1800 390 1872 videatur.

267 1925 336 1997 Sed
351 1924 439 1996 dum
454 1926 490 1996 in
507 1926 629 1997 multis
638 1926 845 1997 Lucretium
861 1926 1067 1996 imitaretur
1081 1930 1196 2016 Maro,
1206 1927 1260 1997 lu·

211 2050 358 2121 culento
371 2050 536 2147 exemplo
546 2050 696 2122 edoctus
705 2049 820 2120 multa
827 2073 977 2148 quoque
989 2051 1113 2121 vitavit
1126 2075 1148 2120 a
1156 2052 1260 2147 poesi

212 2199 360 2273 prorsus
392 2175 530 2264 aliena,
564 2200 644 2274 quae
674 2174 881 2245 scholarum
910 2173 1111 2245 doctrinam
1141 2175 1258 2247 nimio

209 2299 291 2399 plus
304 2299 528 2373 redolebant.
546 2305 635 2371 Nam
650 2324 765 2396 quum
779 2313 858 2370 toto
874 2299 996 2370 animo
1014 2299 1050 2369 in
1064 2297 1102 2369 id
1115 2299 1256 2370 incum-

208 2423 271 2495 bat
284 2439 407 2495 noster
421 2439 462 2496 ut
475 2425 687 2497 Memmium
700 2449 805 2495 suum
822 2422 962 2512 doceat,
982 2447 1142 2522 persaepe
1155 2449 1257 2496 more

210 2552 461 2645 magistrorum
481 2548 697 2647 discipulum
718 2549 889 2647 appellat,
908 2563 950 2620 ut
971 2563 1165 2638 attentum,
1187 2550 1255 2622 do-

206 2672 311 2744 cilem
332 2698 375 2744 ac
401 2697 600 2745 memorem
620 2673 727 2745 iaciat
751 2699 758 2742 :

311 2859 419 2928 Dicam,
433 2867 464 2916 tu
477 2858 586 2933 percipe
597 2859 681 2916 dicta.

310 2950 352 3005 Tu
367 2948 409 3006 lac
422 2965 458 3006 ne
469 2949 558 3006 ventis
572 2951 654 3006 verba
671 2947 844 3021 profundam.

310 3036 447 3110 Principio
461 3035 515 3093 hoc
529 3037 592 3094 dico
595 3079 718 3096 .....

309 3124 389 3195 Quod
403 3125 424 3180 si
439 3125 540 3197 aliquis
553 3125 625 3183 forte
637 3125 725 3182 credit
727 3166 852 3183 .....

308 3213 389 3287 Quod
402 3213 535 3286 quoniam
547 3214 627 3271 vinco
642 3213 711 3280 fieri,
726 3230 801 3270 nunc
814 3228 874 3271 esse
888 3214 1020 3292 probabo.

308 3303 378 3359 lllud
393 3303 421 3358 in
434 3301 477 3358 his
488 3303 571 3360 rebus
584 3318 694 3376 quoque
710 3311 919 3375 recognoscere
933 3317 1055 3361 avemus.
1077 3345 1084 3360 .
1105 3343 1113 3360 .
1132 3345 1140 3360 .

308 3391 377 3448 Illud
391 3391 421 3447 in
432 3390 474 3447 his
488 3391 664 3448 observatum
679 3407 789 3465 quoque
800 3391 883 3448 rebus
895 3389 995 3447 habere

307 3480 482 3538 conveniret
495 3480 614 3538 memori
629 3481 792 3538 mandatum
805 3486 899 3536 mente
911 3487 1006 3535 tenere
1016 3480 1065 3548 (1).

248 3645 337 3730 Quae
350 3657 392 3713 ut
408 3640 446 3713 in
462 3641 551 3714 ludo
570 3658 655 3741 apta
676 3667 717 3714 ac
742 3639 1014 3731 convenientia,
1034 3639 1085 3711 ita
1107 3640 1143 3711 in
1168 3665 1252 3719 car-‚

200 3764 309 3852 mine,
325 3764 409 3835 licet
420 3765 608 3838 Hesiodeis
620 3766 792 3865 exemplis
801 3766 922 3837 forsan
935 3763 1079 3836 defendi
1091 3767 1246 3863 possint,

199 3887 296 3959 taedii
305 3888 410 3985 plena
426 3904 535 3987 atque
545 3891 689 3962 inimica
701 3890 877 3988 voluptati
890 3914 966 3960 esse
976 3888 1245 3963 affirmaverim.

237 4101 279 4181 (l)
300 4103 429 4175 Lucrct,
451 4103 501 4177 lV,
527 4103 846 4182 880,931,rnt;11,
868 4104 942 4170 225,
965 4096 1043 4179 ⁸148,
1066 4104 1142 4176 nto,
1172 4104 1244 4176 581;

197 4215 233 4260 ac
246 4198 350 4262 multis
364 4198 430 4261 aliis
443 4198 475 4261 in
488 4198 573 4262 loeis.
866 4213 871 4225 “
