2902 5016
470 469 658 524 commorit
676 469 759 521 APUD
776 468 967 520 tutantium.
1211 471 1244 520 29

301 596 347 661 Et,
362 594 436 651 velut
450 601 555 650 aeterno
570 591 720 648 certamine
734 592 842 664 proelia,
854 606 961 663 pugnas

301 682 412 751 Edere(
431 686 451 752 ).

198 855 277 938 Qua
300 846 549 940 similitudine,
580 860 623 918 ut
648 843 752 916 valde
774 843 975 916 delectatur
994 843 1145 940 legentis
1165 844 1243 914 ani·

200 996 292 1061 mus,
306 972 357 1044 ita
367 970 476 1044 rebus
488 971 573 1070 ipsis
585 995 680 1042 nova
691 970 753 1040 lux
764 968 922 1041 additur.
936 973 1030 1062 Moti,
1047 983 1089 1040 ut
1101 984 1245 1041 atomos

200 1096 422 1196 rapidissime
454 1095 593 1167 moveri
626 1109 746 1165 mente
781 1078 1046 1191 concipiamus,
1086 1093 1245 1166 ostendit

200 1246 310 1319 quam
329 1220 449 1301 subito
468 1219 522 1292 sol
548 1219 668 1291 oriens
699 1218 781 1290 luce
805 1233 842 1290 et
866 1218 986 1291 calore
1022 1232 1141 1290 totum
1161 1243 1251 1290 aera

200 1344 395 1444 compleat,

306 1538 430 1596 Primum
443 1553 541 1595 aurora
552 1553 624 1594 novo
636 1552 699 1593 cum
712 1535 816 1609 spargit
827 1535 932 1592 lumine
946 1544 1043 1604 terras,

306 1629 342 1685 Et
353 1629 436 1686 variae
447 1627 572 1684 volucres
583 1641 699 1682 nemora
713 1625 772 1681 avia
785 1625 977 1697 pervolitantes

307 1721 376 1776 Aera
390 1734 439 1791 per
451 1725 578 1775 tenerum
593 1715 703 1788 liquidis
717 1715 776 1772 loca
791 1714 903 1771 vocibus
913 1713 1028 1787 opplent
1040 1717 1051 1783 (
1068 1718 1089 1783 ).

249 1898 421 1995 Sequitur
436 1897 539 1969 loeus
557 1896 603 1968 de
625 1921 700 1993 quo
717 1895 804 1966 alias
819 1895 1040 1967 mentionem
1059 1894 1245 1986 iaciemus,

201 2047 277 2120 quo
294 2047 362 2094 nos
380 2022 643 2093 docetatomos
654 2019 825 2092 deorsum
841 2019 878 2089 vi
902 2044 965 2091 sua
981 2015 1142 2109 tendere,
1158 2044 1249 2118 pau·

201 2145 318 2216 lulum
334 2161 455 2218 autem
471 2145 565 2216 inter
578 2168 615 2214 se
634 2141 826 2214 declinare.
848 2141 918 2214 Sed
932 2168 1043 2240 quam
1058 2138 1130 2215 cito
1145 2143 1250 2216 nobis

202 2283 310 2368 poeta
328 2265 515 2340 redditur!
540 2272 631 2339 Nam
653 2292 768 2364 quum
786 2265 915 2338 dixerit
933 2266 1024 2338 nihil
1044 2267 1249 2339 mirandum

202 2419 279 2465 esse
302 2394 355 2484 si,'
373 2393 503 2465 atomis
525 2390 676 2490 perenni
700 2405 737 2462 et
760 2388 904 2462 assiduo
932 2407 1035 2463 motu
1056 2416 1122 2492 per
1145 2392 1250 2463 inane

202 2515 375 2616 abreptis,
396 2531 518 2588 tamen
538 2540 680 2586 summa
696 2539 819 2586 rerum
836 2512 942 2586 nobis
960 2515 1156 2587 immobilis
1175 2539 1251 2588 esse

204 2640 382 2732 videatur,
398 2638 543 2712 duobus
561 2639 733 2737 exemplis
746 2664 824 2710 rem
839 2639 1006 2731 illustrat,
1023 2639 1158 2738 quibus
1171 2666 1250 2712 nes-

203 2765 260 2836 eio
286 2789 331 2836 an
359 2765 433 2836 ulla
457 2763 557 2863 apud
580 2762 780 2862 quemlibet
803 2763 914 2834 alium
936 2779 1082 2862 poetam
1104 2764 1251 2863 praecla-

204 2889 279 2962 rior
294 2891 412 2985 imago
431 2889 544 2987 possit
562 2888 715 2960 inveniri
735 2913 743 2956 :

282 3055 285 3061 Ι
310 3087 383 3144 Nam
394 3100 465 3157 saepe
480 3085 509 3141 in
520 3084 582 3140 colli
597 3084 744 3142 tondentes
756 3085 854 3158 pabula
868 3085 929 3142 laeta

310 3174 455 3258 Lanigerae
469 3180 577 3246 reptant
589 3172 718 3245 pecudes,
733 3188 938 3246 quoquumque
952 3182 1079 3230 vocantes

312 3261 431 3318 Invitant
445 3261 537 3319 herbae
551 3271 723 3334 gemmantes
735 3278 797 3318 rore
811 3261 924 3330 recenti,

311 3351 347 3406 Et
358 3351 448 3407 satiati
463 3350 524 3424 agni
540 3349 648 3421 ludunt,
664 3350 818 3424 blandeque
832 3357 994 3416 comscaut3

310 3440 409 3496 Omnia
424 3455 486 3513 quae
498 3440 578 3495 nobis
591 3438 672 3511 longe
682 3438 795 3496 confusa
810 3439 947 3510 videntur,

312 3530 347 3585 Et
358 3528 433 3586 velut
446 3528 475 3584 in
488 3527 567 3583 viridi
584 3529 687 3584 candor
699 3527 847 3584 consistere
861 3529 934 3586 colii.

312 3618 450 3675 Praeterea
464 3631 569 3690 magnae
583 3616 701 3689 legiones
714 3633 778 3672 cum
794 3617 852 3673 ioca
866 3633 949 3676 cursu

312 3707 481 3778 Camporum
495 3704 647 3776 complent,
660 3703 723 3761 belli
735 3705 881 3762 simulacra
892 3705 1005 3776 cientes,

314 3793 416 3866 Fulgor
429 3793 464 3848 ibi
479 3791 514 3848 ad
529 3792 630 3849 eoeium
645 3808 673 3848 se
686 3791 768 3858 tollit,
782 3801 894 3865 totaque
909 3794 1013 3851 circum

312 3885 375 3938 AEre
389 3881 537 3938 renidescit
550 3881 640 3946 tellus,
654 3879 801 3953 subterque
815 3882 904 3937 virum
919 3883 943 3938 vi

245 4153 288 4232 (l)
309 4151 428 4212 Lucret.
445 4151 486 4224 ΙΙ,
505 4152 562 4211 tit
578 4168 665 4230 seqq.
682 4146 851 4229 (Lachml'

252 4249 291 4330 (2)
316 4250 449 4322 Lucret.‚
466 4249 491 4307 ll
512 4249 570 4308 itt
584 4265 671 4328 seqq.
689 4246 848 4328 (Lachmi
939 4289 944 4298 .
