2902 5016
428 470 617 537 commouit
636 486 719 539 trun
736 485 925 538 Lucanum.
1169 489 1202 538 aa

154 608 238 680 solis
251 608 419 704 colligere
430 607 532 678 licuit
548 608 637 705 quid
651 607 759 680 fuerit
774 608 864 679 illud
876 607 1199 680 celebratissimum

152 734 299 832 Epicuri
316 735 393 830 Περὶ
409 739 535 814 Φύσεως
561 757 668 832 opus,
694 734 840 830 triginta
863 749 1001 830 septem
1020 731 1121 804 libris
1137 732 1201 804 den

153 858 328 956 scriptum
348 857 413 954 (1),
432 858 496 955 qui
514 872 629 929 totam
649 874 787 929 naturae
810 857 1095 956 speculationem
1113 883 1202 929 con·

152 981 329 1054 tinebant.
352 989 488 1082 Nempe
498 983 591 1054 inter
601 983 821 1094 illaxminoris
830 983 1007 1055 momenti
1025 983 1201 1081 opuscula

151 1106 286 1204 quibus
306 1108 506 1199 Demetrii,
528 1107 754 1199 Philodami,
775 1109 979 1207 Polystrati,
1002 1107 1201 1182 Metrodori

151 1235 301 1305 nomina
321 1232 581 1325 inscribuntur,
605 1249 678 1306 tres
693 1259 852 1333 papyros
874 1234 1090 1306 invenerunt
1108 1240 1198 1307 Nea-

150 1358 304 1457 politani
318 1359 528 1449 academici,
545 1359 583 1429 in
599 1358 733 1456 quibus
748 1360 866 1431 multo
880 1358 1040 1431 nobilius
1054 1360 1198 1459 Epicuri

70 1491 75 1500 '
149 1508 285 1555 nomen
301 1499 338 1556 et
356 1500 465 1556 notus
479 1509 500 1556 e
512 1484 671 1580 Diogene
691 1484 818 1555 titulus
841 1483 1076 1580 legebantur:
1106 1509 1199 1582 quo·

150 1632 232 1678 rum
254 1608 430 1705 quasdam
457 1623 579 1707 partes
607 1634 723 1706 quum
740 1609 910 1682 evolvere
931 1610 1138 1708 potuerint,
1162 1611 1199 1682 in

151 1755 216 1802 sua
241 1731 426 1804 volumina
462 1734 703 1806 inseruerunt.
741 1735 887 1804 Utinam
914 1733 983 1806 alia
1017 1735 1199 1834 reperiant

150 1855 348 1927 doctissimi
367 1858 435 1928 viri
465 1857 598 1954 quibus
620 1860 730 1954 magis
761 1859 850 1956 ignis
880 1857 1100 1958 pepercerit!
1129 1859 1199 1930 Sed

149 1995 271 2052 tamen
283 1981 358 2076 jam
373 1980 552 2054 habemus
565 1997 681 2055 certas
696 1985 805 2055 trium
820 1983 999 2057 librorum
1012 1984 1194 2082 reliquiaS,

149 2106 298 2177 secundi
315 2108 449 2180 scilicet
464 2123 574 2205 atque
590 2108 773 2180 undecimi
794 2110 831 2179 in
851 2107 1010 2180 secundo
1030 2109 1198 2207 Neapoli-

148 2244 318 2303 tanorum
328 2233 527 2323 volumine,
543 2232 634 2304 alius
649 2248 770 2305 autem
785 2233 912 2305 incerti
926 2233 962 2304 in
979 2233 1122 2305 decimo
1131 2233 1196 2330 (2),

149 2353 213 2426 ubi
226 2355 271 2428 de
286 2351 425 2440 εἰδώλοις
444 2383 506 2430 seu
520 2357 735 2450 simulacris,
755 2357 801 2430 de
821 2372 931 2448 terra,
952 2357 1027 2430 sole
1046 2358 1198 2455 aliisque

149 2482 332 2572 meteoris,
358 2481 403 2554 de
421 2484 552 2554 atomis
572 2482 732 2580 denique
751 2483 927 2556 nonnulla
945 2483 1097 2579 legimus
1117 2509 1198 2581 quae

147 2605 353 2679 doctrinam
372 2609 409 2680 in
428 2608 589 2707 epistolis
600 2608 646 2678 ad
656 2608 896 2699 Herodotum,
907 2608 954 2680 ad
970 2608 1194 2706 Pythoclem,

147 2731 194 2804 ad
207 2737 431 2805 Menoeceum
446 2735 672 2806 enuntiatam
687 2759 751 2804 seu
766 2733 964 2832 complent,
980 2758 1045 2838 sen
1064 2733 1194 2805 confir-

148 2873 261 2929 mant.
279 2864 317 2929 ln
341 2857 474 2955 quibus
492 2859 626 2930 mirum
640 2874 694 2930 est
708 2882 817 2955 quam
835 2857 950 2930 multa
969 2858 1195 2931 inveniamus

40 3039 42 3044 .
147 3008 228 3079 quae
254 2982 408 3055 fideliter
429 2984 616 3056 Lucretius
635 2985 818 3081 expressit.
835 2989 914 3055 lam
937 2983 1120 3054 neminem
1141 2980 1195 3052 la-

146 3122 222 3181 tere
238 3124 359 3206 potest
376 3124 547 3207 poetam,
575 3108 663 3179 dum
683 3106 875 3199 scriberet,
898 3133 1053 3206 graecum
1072 3132 1193 3179 exem·

145 3232 226 3331 plar
239 3248 322 3304 ante
335 3233 460 3306 oculos
473 3232 656 3325 habuisse,
682 3233 732 3304 ita
746 3248 788 3304 ut
803 3258 877 3304 non
895 3232 1099 3304 doctrinam
1112 3247 1192 3304 tan·

145 3372 238 3448 tum,
261 3373 302 3429 ut
319 3358 530 3457 discipulus,
555 3358 671 3430 sedet
690 3357 801 3429 verba
816 3356 937 3429 verbis
951 3383 1132 3456 persaepe,
1150 3356 1192 3428 sr-
1217 3409 1223 3420 .

145 3482 213 3553 dus
229 3483 424 3580 interpreS,
441 3482 591 3555 reddere
605 3499 811 3555 conaretur.
835 3481 937 3554 Unde
959 3481 1001 3553 tit
1019 3498 1061 3554 ut
1075 3483 1193 3580 singu·
1278 3552 1281 3558 .

144 3607 187 3678 lis
208 3607 283 3679 fere
300 3608 439 3706 paginis
463 3608 609 3706 Epicuri
632 3608 749 3680 editor
769 3607 953 3695 Rosinius,
977 3611 1021 3679 V.
1043 3611 1100 3697 C.,
1119 3612 1190 3678 Lu-

142 3734 245 3807 cretii
270 3734 372 3805 locos
388 3733 529 3825 afferat,
551 3733 685 3833 quibus
700 3732 855 3806 obscura
873 3732 1041 3822 illustret,
1067 3731 1190 3802 vitiata

141 3859 311 3957 corrigat,
328 3859 457 3930 amissa
471 3860 651 3958 suppleat.

184 4071 223 4151 (l)
244 4071 373 4152 Diogen.
389 4072 501 4148 Laert,
517 4071 561 4145 X,
579 4075 627 4133 tr.

183 4170 221 4248 (2)
244 4169 516 4231 Herculanensium
529 4167 720 4231 voluminum
734 4185 803 4249 quae
817 4170 992 4248 supersunt,
1008 4169 1030 4226 t.
1048 4164 1094 4237 11,
1111 4164 1189 4224 Nea-

140 4266 221 4349 poli,
239 4269 334 4342 taum
350 4272 374 4329 t.
390 4269 431 4341 X,
444 4267 590 4348 Neapoli,
603 4268 693 4329 1850.
