<?xml version="1.0" encoding="UTF-8"?>
<!DOCTYPE html PUBLIC "-//W3C//DTD XHTML 1.0 Transitional//EN"
    "http://www.w3.org/TR/xhtml1/DTD/xhtml1-transitional.dtd">
<html xmlns="http://www.w3.org/1999/xhtml" xml:lang="en" lang="en">
 <head>
  <title>
</title>
<meta http-equiv="Content-Type" content="text/html;charset=utf-8" />
  <meta name='ocr-system' content='tesseract 3.04.00' />
  <meta name='ocr-capabilities' content='ocr_page ocr_carea ocr_par ocr_line ocrx_word'/>
</head>
<body>
  <div class='ocr_page' id='page_1' title='image "./dephilosophicip01higngoog_0048.png"; bbox 0 0 2902 5016; ppageno 0'>
   <div class='ocr_carea' id='block_1_1' title="bbox 482 457 1252 514">
    <p class='ocr_par' dir='ltr' id='par_1_1' title="bbox 482 457 1252 514">
     <span class='ocr_line' id='line_1_1' title="bbox 482 457 1252 514; baseline 0.009 -7"><span class='ocrx_word' id='word_1_1' title='bbox 482 457 672 508; x_wconf 79' lang='lat' dir='ltr'>CONlll&#39;l’lONE</span> <span class='ocrx_word' id='word_1_2' title='bbox 689 457 771 509; x_wconf 77' lang='lat' dir='ltr'><strong>APUD</strong></span> <span class='ocrx_word' id='word_1_3' title='bbox 788 458 976 510; x_wconf 85' lang='lat' dir='ltr'>LUGllETlUM.</span> <span class='ocrx_word' id='word_1_4' title='bbox 1221 466 1252 514; x_wconf 76' lang='lat' dir='ltr'>la</span> 
     </span>
    </p>
   </div>
   <div class='ocr_carea' id='block_1_2' title="bbox 206 578 1253 1056">
    <p class='ocr_par' dir='ltr' id='par_1_2' title="bbox 206 578 1253 1056">
     <span class='ocr_line' id='line_1_2' title="bbox 209 578 1252 683; baseline -0.001 -28"><span class='ocrx_word' id='word_1_5' title='bbox 209 584 302 683; x_wconf 88' lang='lat' dir='ltr'>prati</span> <span class='ocrx_word' id='word_1_6' title='bbox 327 581 461 654; x_wconf 66' lang='lat' dir='ltr'>‘ovibus</span> <span class='ocrx_word' id='word_1_7' title='bbox 484 596 519 652; x_wconf 94' lang='lat' dir='ltr'>et</span> <span class='ocrx_word' id='word_1_8' title='bbox 549 578 665 653; x_wconf 90' lang='lat' dir='ltr'>bobus</span> <span class='ocrx_word' id='word_1_9' title='bbox 683 580 897 678; x_wconf 88' lang='lat' dir='ltr'>relinquunt</span> <span class='ocrx_word' id='word_1_10' title='bbox 917 581 1174 680; x_wconf 88' lang='lat' dir='ltr'>depascendas.</span> <span class='ocrx_word' id='word_1_11' title='bbox 1196 584 1252 654; x_wconf 90' lang='lat' dir='ltr'>Sic</span> 
     </span>
     <span class='ocr_line' id='line_1_3' title="bbox 206 705 1253 806; baseline -0.002 -26"><span class='ocrx_word' id='word_1_12' title='bbox 206 725 241 782; x_wconf 92' lang='lat' dir='ltr'>et</span> <span class='ocrx_word' id='word_1_13' title='bbox 263 723 382 806; x_wconf 88' lang='lat' dir='ltr'>poetae</span> <span class='ocrx_word' id='word_1_14' title='bbox 411 705 615 802; x_wconf 86' lang='lat' dir='ltr'>eligendum</span> <span class='ocrx_word' id='word_1_15' title='bbox 634 720 699 795; x_wconf 89' lang='lat' dir='ltr'>est,</span> <span class='ocrx_word' id='word_1_16' title='bbox 729 707 788 776; x_wconf 90' lang='lat' dir='ltr'>cui</span> <span class='ocrx_word' id='word_1_17' title='bbox 813 705 851 776; x_wconf 94' lang='lat' dir='ltr'>id</span> <span class='ocrx_word' id='word_1_18' title='bbox 884 707 1063 804; x_wconf 83' lang='lat' dir='ltr'>imprimis</span> <span class='ocrx_word' id='word_1_19' title='bbox 1091 708 1253 806; x_wconf 70' lang='lat' dir='ltr'>praecipit</span> 
     </span>
     <span class='ocr_line' id='line_1_4' title="bbox 206 831 1253 928; baseline 0 -24"><span class='ocrx_word' id='word_1_20' title='bbox 206 835 371 922; x_wconf 81' lang='lat' dir='ltr'><strong>Flaccus,</strong></span> <span class='ocrx_word' id='word_1_21' title='bbox 403 831 604 928; x_wconf 83' lang='lat' dir='ltr'>intelligens</span> <span class='ocrx_word' id='word_1_22' title='bbox 637 831 734 902; x_wconf 89' lang='lat' dir='ltr'>idem</span> <span class='ocrx_word' id='word_1_23' title='bbox 769 832 938 927; x_wconf 85' lang='lat' dir='ltr'>magister</span> <span class='ocrx_word' id='word_1_24' title='bbox 967 847 1003 904; x_wconf 91' lang='lat' dir='ltr'>et</span> <span class='ocrx_word' id='word_1_25' title='bbox 1038 832 1182 923; x_wconf 85' lang='lat' dir='ltr'>artifex,</span> <span class='ocrx_word' id='word_1_26' title='bbox 1212 848 1253 904; x_wconf 94' lang='lat' dir='ltr'>ut</span> 
     </span>
     <span class='ocr_line' id='line_1_5' title="bbox 206 984 287 1056; baseline 0 -27"><span class='ocrx_word' id='word_1_27' title='bbox 206 984 287 1056; x_wconf 85' lang='lat' dir='ltr'>quae</span> 
     </span>
    </p>
   </div>
   <div class='ocr_carea' id='block_1_3' title="bbox 310 1150 991 1226">
    <p class='ocr_par' dir='ltr' id='par_1_3' title="bbox 310 1150 991 1226">
     <span class='ocr_line' id='line_1_6' title="bbox 310 1150 991 1226; baseline -0.001 -16"><span class='ocrx_word' id='word_1_28' title='bbox 310 1157 446 1226; x_wconf 88' lang='lat' dir='ltr'>Desperat</span> <span class='ocrx_word' id='word_1_29' title='bbox 461 1160 576 1210; x_wconf 84' lang='lat' dir='ltr'>tractata</span> <span class='ocrx_word' id='word_1_30' title='bbox 590 1151 727 1208; x_wconf 81' lang='lat' dir='ltr'>nitescere</span> <span class='ocrx_word' id='word_1_31' title='bbox 740 1167 834 1224; x_wconf 87' lang='lat' dir='ltr'>posse,</span> <span class='ocrx_word' id='word_1_32' title='bbox 844 1150 991 1224; x_wconf 89' lang='lat' dir='ltr'>relinquat.</span> 
     </span>
    </p>
   </div>
   <div class='ocr_carea' id='block_1_4' title="bbox 199 1330 1251 3155">
    <p class='ocr_par' dir='ltr' id='par_1_4' title="bbox 199 1330 1251 3155">
     <span class='ocr_line' id='line_1_7' title="bbox 253 1330 1248 1430; baseline 0 -26"><span class='ocrx_word' id='word_1_33' title='bbox 253 1337 345 1405; x_wconf 90' lang='lat' dir='ltr'>Sunt</span> <span class='ocrx_word' id='word_1_34' title='bbox 364 1349 486 1405; x_wconf 92' lang='lat' dir='ltr'>autem</span> <span class='ocrx_word' id='word_1_35' title='bbox 508 1333 544 1404; x_wconf 93' lang='lat' dir='ltr'>in</span> <span class='ocrx_word' id='word_1_36' title='bbox 560 1330 806 1430; x_wconf 86' lang='lat' dir='ltr'>philosophia,</span> <span class='ocrx_word' id='word_1_37' title='bbox 827 1346 869 1403; x_wconf 93' lang='lat' dir='ltr'>ut</span> <span class='ocrx_word' id='word_1_38' title='bbox 882 1330 919 1401; x_wconf 92' lang='lat' dir='ltr'>in</span> <span class='ocrx_word' id='word_1_39' title='bbox 939 1330 1108 1403; x_wconf 91' lang='lat' dir='ltr'>omnibus</span> <span class='ocrx_word' id='word_1_40' title='bbox 1126 1331 1248 1425; x_wconf 89' lang='lat' dir='ltr'>rebus,</span> 
     </span>
     <span class='ocr_line' id='line_1_8' title="bbox 205 1457 1251 1556; baseline 0.002 -28"><span class='ocrx_word' id='word_1_41' title='bbox 205 1483 287 1556; x_wconf 88' lang='lat' dir='ltr'>quae</span> <span class='ocrx_word' id='word_1_42' title='bbox 315 1461 489 1529; x_wconf 86' lang='lat' dir='ltr'>nitescere</span> <span class='ocrx_word' id='word_1_43' title='bbox 511 1471 707 1554; x_wconf 83' lang='lat' dir='ltr'>nequeant,</span> <span class='ocrx_word' id='word_1_44' title='bbox 732 1481 814 1553; x_wconf 86' lang='lat' dir='ltr'>quae</span> <span class='ocrx_word' id='word_1_45' title='bbox 834 1481 856 1526; x_wconf 92' lang='lat' dir='ltr'>a</span> <span class='ocrx_word' id='word_1_46' title='bbox 881 1457 1023 1555; x_wconf 92' lang='lat' dir='ltr'>poetica</span> <span class='ocrx_word' id='word_1_47' title='bbox 1038 1458 1251 1530; x_wconf 83' lang='lat' dir='ltr'>tractatione</span> 
     </span>
     <span class='ocr_line' id='line_1_9' title="bbox 203 1580 1251 1682; baseline -0.001 -28"><span class='ocrx_word' id='word_1_48' title='bbox 203 1608 354 1682; x_wconf 92' lang='lat' dir='ltr'>prorsus</span> <span class='ocrx_word' id='word_1_49' title='bbox 368 1583 484 1655; x_wconf 92' lang='lat' dir='ltr'>aliena</span> <span class='ocrx_word' id='word_1_50' title='bbox 502 1586 585 1672; x_wconf 89' lang='lat' dir='ltr'>sint,</span> <span class='ocrx_word' id='word_1_51' title='bbox 601 1596 637 1653; x_wconf 92' lang='lat' dir='ltr'>et</span> <span class='ocrx_word' id='word_1_52' title='bbox 653 1580 720 1652; x_wconf 91' lang='lat' dir='ltr'>has</span> <span class='ocrx_word' id='word_1_53' title='bbox 736 1580 880 1652; x_wconf 90' lang='lat' dir='ltr'>dicendi</span> <span class='ocrx_word' id='word_1_54' title='bbox 897 1606 1045 1653; x_wconf 89' lang='lat' dir='ltr'>veneres</span> <span class='ocrx_word' id='word_1_55' title='bbox 1062 1608 1152 1680; x_wconf 92' lang='lat' dir='ltr'>quas</span> <span class='ocrx_word' id='word_1_56' title='bbox 1170 1607 1251 1680; x_wconf 90' lang='lat' dir='ltr'>pos-</span> 
     </span>
     <span class='ocr_line' id='line_1_10' title="bbox 203 1706 1250 1805; baseline -0.001 -25"><span class='ocrx_word' id='word_1_57' title='bbox 203 1709 295 1780; x_wconf 92' lang='lat' dir='ltr'>tulat</span> <span class='ocrx_word' id='word_1_58' title='bbox 320 1708 439 1805; x_wconf 90' lang='lat' dir='ltr'>poesis</span> <span class='ocrx_word' id='word_1_59' title='bbox 472 1707 622 1778; x_wconf 91' lang='lat' dir='ltr'>omnino</span> <span class='ocrx_word' id='word_1_60' title='bbox 654 1706 860 1803; x_wconf 91' lang='lat' dir='ltr'>repudient.</span> <span class='ocrx_word' id='word_1_61' title='bbox 885 1710 1105 1802; x_wconf 80' lang='lat' dir='ltr'>Argumento</span> <span class='ocrx_word' id='word_1_62' title='bbox 1138 1709 1182 1779; x_wconf 92' lang='lat' dir='ltr'>sit</span> <span class='ocrx_word' id='word_1_63' title='bbox 1209 1734 1250 1779; x_wconf 93' lang='lat' dir='ltr'>ea</span> 
     </span>
     <span class='ocr_line' id='line_1_11' title="bbox 202 1813 1248 1930; baseline 0.001 -27"><span class='ocrx_word' id='word_1_64' title='bbox 202 1857 331 1928; x_wconf 83' lang='lat' dir='ltr'>magna</span> <span class='ocrx_word' id='word_1_65' title='bbox 347 1813 431 1929; x_wconf 79' lang='lat' dir='ltr'>pars</span> <span class='ocrx_word' id='word_1_66' title='bbox 450 1832 626 1930; x_wconf 85' lang='lat' dir='ltr'>epicureae</span> <span class='ocrx_word' id='word_1_67' title='bbox 644 1829 819 1901; x_wconf 87' lang='lat' dir='ltr'>doctrinae</span> <span class='ocrx_word' id='word_1_68' title='bbox 835 1854 946 1926; x_wconf 92' lang='lat' dir='ltr'>quam</span> <span class='ocrx_word' id='word_1_69' title='bbox 967 1829 1095 1900; x_wconf 92' lang='lat' dir='ltr'>melius</span> <span class='ocrx_word' id='word_1_70' title='bbox 1117 1835 1248 1904; x_wconf 87' lang='lat' dir='ltr'>Lucre-</span> 
     </span>
     <span class='ocr_line' id='line_1_12' title="bbox 204 1953 1245 2054; baseline -0.001 -25"><span class='ocrx_word' id='word_1_71' title='bbox 204 1957 274 2029; x_wconf 90' lang='lat' dir='ltr'>tius</span> <span class='ocrx_word' id='word_1_72' title='bbox 300 1956 522 2054; x_wconf 86' lang='lat' dir='ltr'>reliquisset,</span> <span class='ocrx_word' id='word_1_73' title='bbox 551 1955 686 2027; x_wconf 92' lang='lat' dir='ltr'>nedum</span> <span class='ocrx_word' id='word_1_74' title='bbox 727 1953 816 2027; x_wconf 91' lang='lat' dir='ltr'>huic</span> <span class='ocrx_word' id='word_1_75' title='bbox 857 1954 1070 2028; x_wconf 88' lang='lat' dir='ltr'>obscuritati</span> <span class='ocrx_word' id='word_1_76' title='bbox 1102 1981 1245 2050; x_wconf 87' lang='lat' dir='ltr'>rerum,</span> 
     </span>
     <span class='ocr_line' id='line_1_13' title="bbox 201 2081 1248 2180; baseline 0 -27"><span class='ocrx_word' id='word_1_77' title='bbox 201 2096 237 2153; x_wconf 89' lang='lat' dir='ltr'>et</span> <span class='ocrx_word' id='word_1_78' title='bbox 267 2081 460 2152; x_wconf 88' lang='lat' dir='ltr'>reconditae</span> <span class='ocrx_word' id='word_1_79' title='bbox 487 2082 557 2153; x_wconf 90' lang='lat' dir='ltr'>arti</span> <span class='ocrx_word' id='word_1_80' title='bbox 586 2106 628 2175; x_wconf 93' lang='lat' dir='ltr'>ac</span> <span class='ocrx_word' id='word_1_81' title='bbox 654 2081 777 2154; x_wconf 90' lang='lat' dir='ltr'>subtili</span> <span class='ocrx_word' id='word_1_82' title='bbox 801 2081 987 2180; x_wconf 91' lang='lat' dir='ltr'>poeticum</span> <span class='ocrx_word' id='word_1_83' title='bbox 1012 2081 1171 2153; x_wconf 89' lang='lat' dir='ltr'>nitorem</span> <span class='ocrx_word' id='word_1_84' title='bbox 1198 2081 1248 2154; x_wconf 92' lang='lat' dir='ltr'>le·</span> 
     </span>
     <span class='ocr_line' id='line_1_14' title="bbox 200 2205 1248 2303; baseline 0.001 -27"><span class='ocrx_word' id='word_1_85' title='bbox 200 2231 403 2303; x_wconf 89' lang='lat' dir='ltr'>poremque</span> <span class='ocrx_word' id='word_1_86' title='bbox 434 2206 569 2279; x_wconf 87' lang='lat' dir='ltr'>addere</span> <span class='ocrx_word' id='word_1_87' title='bbox 594 2207 776 2278; x_wconf 88' lang='lat' dir='ltr'>incassum</span> <span class='ocrx_word' id='word_1_88' title='bbox 800 2221 1005 2279; x_wconf 89' lang='lat' dir='ltr'>conaretur.</span> <span class='ocrx_word' id='word_1_89' title='bbox 1030 2205 1127 2295; x_wconf 90' lang='lat' dir='ltr'>Quid</span> <span class='ocrx_word' id='word_1_90' title='bbox 1152 2208 1248 2277; x_wconf 89' lang='lat' dir='ltr'>enim</span> 
     </span>
     <span class='ocr_line' id='line_1_15' title="bbox 200 2330 1249 2432; baseline 0.002 -32"><span class='ocrx_word' id='word_1_91' title='bbox 200 2330 354 2428; x_wconf 85' lang='lat' dir='ltr'>profecit</span> <span class='ocrx_word' id='word_1_92' title='bbox 364 2331 574 2430; x_wconf 88' lang='lat' dir='ltr'>importuna</span> <span class='ocrx_word' id='word_1_93' title='bbox 588 2331 649 2403; x_wconf 87' lang='lat' dir='ltr'>illa</span> <span class='ocrx_word' id='word_1_94' title='bbox 657 2331 829 2404; x_wconf 85' lang='lat' dir='ltr'>fidelitate</span> <span class='ocrx_word' id='word_1_95' title='bbox 840 2333 855 2403; x_wconf 75' lang='lat' dir='ltr'>l</span> <span class='ocrx_word' id='word_1_96' title='bbox 868 2337 983 2404; x_wconf 91' lang='lat' dir='ltr'>Locos</span> <span class='ocrx_word' id='word_1_97' title='bbox 994 2357 1126 2431; x_wconf 88' lang='lat' dir='ltr'>nempe</span> <span class='ocrx_word' id='word_1_98' title='bbox 1141 2333 1249 2432; x_wconf 89' lang='lat' dir='ltr'>scrip-</span> 
     </span>
     <span class='ocr_line' id='line_1_16' title="bbox 201 2454 1245 2553; baseline 0.002 -28"><span class='ocrx_word' id='word_1_99' title='bbox 201 2454 247 2526; x_wconf 92' lang='lat' dir='ltr'>sit</span> <span class='ocrx_word' id='word_1_100' title='bbox 266 2481 399 2553; x_wconf 90' lang='lat' dir='ltr'>quose</span> <span class='ocrx_word' id='word_1_101' title='bbox 422 2457 716 2553; x_wconf 87' lang='lat' dir='ltr'>praestantissimo</span> <span class='ocrx_word' id='word_1_102' title='bbox 742 2458 901 2529; x_wconf 89' lang='lat' dir='ltr'>carmine</span> <span class='ocrx_word' id='word_1_103' title='bbox 925 2457 1052 2529; x_wconf 88' lang='lat' dir='ltr'>tollere</span> <span class='ocrx_word' id='word_1_104' title='bbox 1079 2456 1245 2546; x_wconf 90' lang='lat' dir='ltr'>velimus,</span> 
     </span>
     <span class='ocr_line' id='line_1_17' title="bbox 200 2581 1248 2680; baseline 0.001 -29"><span class='ocrx_word' id='word_1_105' title='bbox 200 2606 294 2678; x_wconf 91' lang='lat' dir='ltr'>quos</span> <span class='ocrx_word' id='word_1_106' title='bbox 312 2607 420 2652; x_wconf 92' lang='lat' dir='ltr'>nemo</span> <span class='ocrx_word' id='word_1_107' title='bbox 454 2581 540 2678; x_wconf 85' lang='lat' dir='ltr'>legit</span> <span class='ocrx_word' id='word_1_108' title='bbox 562 2583 652 2679; x_wconf 90' lang='lat' dir='ltr'>quin</span> <span class='ocrx_word' id='word_1_109' title='bbox 666 2581 788 2654; x_wconf 89' lang='lat' dir='ltr'>doleat</span> <span class='ocrx_word' id='word_1_110' title='bbox 805 2597 948 2655; x_wconf 90' lang='lat' dir='ltr'>tantum</span> <span class='ocrx_word' id='word_1_111' title='bbox 966 2597 1113 2680; x_wconf 90' lang='lat' dir='ltr'>poetam</span> <span class='ocrx_word' id='word_1_112' title='bbox 1128 2583 1165 2652; x_wconf 92' lang='lat' dir='ltr'>in</span> <span class='ocrx_word' id='word_1_113' title='bbox 1179 2582 1248 2652; x_wconf 90' lang='lat' dir='ltr'>illis</span> 
     </span>
     <span class='ocr_line' id='line_1_18' title="bbox 201 2704 1247 2806; baseline 0.002 -30"><span class='ocrx_word' id='word_1_114' title='bbox 201 2704 490 2777; x_wconf 86' lang='lat' dir='ltr'>cavillationibus</span> <span class='ocrx_word' id='word_1_115' title='bbox 518 2731 668 2804; x_wconf 90' lang='lat' dir='ltr'>operam</span> <span class='ocrx_word' id='word_1_116' title='bbox 686 2707 896 2806; x_wconf 88' lang='lat' dir='ltr'>perdidisse.</span> <span class='ocrx_word' id='word_1_117' title='bbox 917 2707 1014 2796; x_wconf 90' lang='lat' dir='ltr'>Quid</span> <span class='ocrx_word' id='word_1_118' title='bbox 1029 2708 1125 2778; x_wconf 91' lang='lat' dir='ltr'>enim</span> <span class='ocrx_word' id='word_1_119' title='bbox 1149 2706 1247 2778; x_wconf 91' lang='lat' dir='ltr'>aliud</span> 
     </span>
     <span class='ocr_line' id='line_1_19' title="bbox 202 2808 1247 2929; baseline -0.001 -26"><span class='ocrx_word' id='word_1_120' title='bbox 202 2831 320 2903; x_wconf 91' lang='lat' dir='ltr'>dicam</span> <span class='ocrx_word' id='word_1_121' title='bbox 336 2833 382 2905; x_wconf 94' lang='lat' dir='ltr'>de</span> <span class='ocrx_word' id='word_1_122' title='bbox 396 2832 466 2902; x_wconf 87' lang='lat' dir='ltr'>illis</span> <span class='ocrx_word' id='word_1_123' title='bbox 483 2831 648 2904; x_wconf 88' lang='lat' dir='ltr'>versibus</span> <span class='ocrx_word' id='word_1_124' title='bbox 659 2832 698 2902; x_wconf 93' lang='lat' dir='ltr'>in</span> <span class='ocrx_word' id='word_1_125' title='bbox 713 2830 846 2929; x_wconf 89' lang='lat' dir='ltr'>quibus</span> <span class='ocrx_word' id='word_1_126' title='bbox 855 2808 1011 2929; x_wconf 85' lang='lat' dir='ltr'>probare</span> <span class='ocrx_word' id='word_1_127' title='bbox 1025 2831 1166 2924; x_wconf 88' lang='lat' dir='ltr'>nititur,</span> <span class='ocrx_word' id='word_1_128' title='bbox 1184 2857 1247 2902; x_wconf 92' lang='lat' dir='ltr'>seu</span> 
     </span>
     <span class='ocr_line' id='line_1_20' title="bbox 199 2956 1246 3056; baseline -0.003 -28"><span class='ocrx_word' id='word_1_129' title='bbox 199 2982 219 3028; x_wconf 95' lang='lat' dir='ltr'>a</span> <span class='ocrx_word' id='word_1_130' title='bbox 238 2973 334 3056; x_wconf 85' lang='lat' dir='ltr'>recta</span> <span class='ocrx_word' id='word_1_131' title='bbox 354 2958 423 3045; x_wconf 91' lang='lat' dir='ltr'>via,</span> <span class='ocrx_word' id='word_1_132' title='bbox 436 2957 700 3055; x_wconf 91' lang='lat' dir='ltr'>dumesupero</span> <span class='ocrx_word' id='word_1_133' title='bbox 711 2956 882 3028; x_wconf 88' lang='lat' dir='ltr'>deorsum</span> <span class='ocrx_word' id='word_1_134' title='bbox 894 2956 1074 3048; x_wconf 85' lang='lat' dir='ltr'>feruutur,</span> <span class='ocrx_word' id='word_1_135' title='bbox 1093 2956 1246 3052; x_wconf 89' lang='lat' dir='ltr'>paulum</span> 
     </span>
     <span class='ocr_line' id='line_1_21' title="bbox 200 3082 567 3155; baseline -0.005 -1"><span class='ocrx_word' id='word_1_136' title='bbox 200 3082 381 3154; x_wconf 91' lang='lat' dir='ltr'>declinare</span> <span class='ocrx_word' id='word_1_137' title='bbox 400 3097 567 3155; x_wconf 91' lang='lat' dir='ltr'>atomos:</span> 
     </span>
    </p>
   </div>
   <div class='ocr_carea' id='block_1_5' title="bbox 299 3291 1138 3992">
    <p class='ocr_par' dir='ltr' id='par_1_5' title="bbox 301 3291 1130 3546">
     <span class='ocr_line' id='line_1_22' title="bbox 304 3291 1096 3364; baseline 0 -16"><span class='ocrx_word' id='word_1_138' title='bbox 304 3294 395 3364; x_wconf 81' lang='lat' dir='ltr'>Quare</span> <span class='ocrx_word' id='word_1_139' title='bbox 406 3292 489 3349; x_wconf 85' lang='lat' dir='ltr'>etiam</span> <span class='ocrx_word' id='word_1_140' title='bbox 502 3301 585 3364; x_wconf 88' lang='lat' dir='ltr'>atque</span> <span class='ocrx_word' id='word_1_141' title='bbox 596 3292 680 3349; x_wconf 88' lang='lat' dir='ltr'>etiam</span> <span class='ocrx_word' id='word_1_142' title='bbox 689 3291 802 3364; x_wconf 90' lang='lat' dir='ltr'>paulum</span> <span class='ocrx_word' id='word_1_143' title='bbox 814 3291 945 3348; x_wconf 88' lang='lat' dir='ltr'>inclinare</span> <span class='ocrx_word' id='word_1_144' title='bbox 957 3300 1096 3348; x_wconf 91' lang='lat' dir='ltr'>necessest</span> 
     </span>
     <span class='ocr_line' id='line_1_23' title="bbox 302 3378 1130 3454; baseline -0.002 -16"><span class='ocrx_word' id='word_1_145' title='bbox 302 3383 440 3452; x_wconf 80' lang='lat' dir='ltr'>Corpora3</span> <span class='ocrx_word' id='word_1_146' title='bbox 453 3397 505 3438; x_wconf 90' lang='lat' dir='ltr'>nec</span> <span class='ocrx_word' id='word_1_147' title='bbox 518 3382 580 3454; x_wconf 88' lang='lat' dir='ltr'>pius</span> <span class='ocrx_word' id='word_1_148' title='bbox 597 3397 682 3454; x_wconf 88' lang='lat' dir='ltr'>quam</span> <span class='ocrx_word' id='word_1_149' title='bbox 694 3380 852 3446; x_wconf 84' lang='lat' dir='ltr'>minimum,</span> <span class='ocrx_word' id='word_1_150' title='bbox 868 3395 904 3436; x_wconf 89' lang='lat' dir='ltr'>ne</span> <span class='ocrx_word' id='word_1_151' title='bbox 916 3378 1021 3451; x_wconf 82' lang='lat' dir='ltr'>fingere</span> <span class='ocrx_word' id='word_1_152' title='bbox 1036 3387 1130 3436; x_wconf 88' lang='lat' dir='ltr'>motus</span> 
     </span>
     <span class='ocr_line' id='line_1_24' title="bbox 301 3469 932 3546; baseline -0.006 -16"><span class='ocrx_word' id='word_1_153' title='bbox 301 3473 438 3546; x_wconf 84' lang='lat' dir='ltr'>Obliquus</span> <span class='ocrx_word' id='word_1_154' title='bbox 450 3473 591 3530; x_wconf 87' lang='lat' dir='ltr'>videamur</span> <span class='ocrx_word' id='word_1_155' title='bbox 605 3479 633 3529; x_wconf 91' lang='lat' dir='ltr'>et</span> <span class='ocrx_word' id='word_1_156' title='bbox 645 3471 674 3540; x_wconf 88' lang='lat' dir='ltr'>id</span> <span class='ocrx_word' id='word_1_157' title='bbox 687 3487 732 3529; x_wconf 91' lang='lat' dir='ltr'>res</span> <span class='ocrx_word' id='word_1_158' title='bbox 745 3487 808 3528; x_wconf 89' lang='lat' dir='ltr'>vera</span> <span class='ocrx_word' id='word_1_159' title='bbox 821 3469 932 3528; x_wconf 80' lang='lat' dir='ltr'>refutet.</span> 
     </span>
    </p>

    <p class='ocr_par' dir='ltr' id='par_1_6' title="bbox 299 3559 1138 3815">
     <span class='ocr_line' id='line_1_25' title="bbox 300 3559 1138 3634; baseline 0 -16"><span class='ocrx_word' id='word_1_160' title='bbox 300 3564 426 3634; x_wconf 84' lang='lat' dir='ltr'>Namque</span> <span class='ocrx_word' id='word_1_161' title='bbox 440 3562 493 3618; x_wconf 90' lang='lat' dir='ltr'>hoc</span> <span class='ocrx_word' id='word_1_162' title='bbox 511 3562 541 3617; x_wconf 90' lang='lat' dir='ltr'>in</span> <span class='ocrx_word' id='word_1_163' title='bbox 556 3568 685 3634; x_wconf 88' lang='lat' dir='ltr'>promptu</span> <span class='ocrx_word' id='word_1_164' title='bbox 698 3559 932 3633; x_wconf 80' lang='lat' dir='ltr'>manifestumque</span> <span class='ocrx_word' id='word_1_165' title='bbox 945 3577 1004 3618; x_wconf 88' lang='lat' dir='ltr'>esse</span> <span class='ocrx_word' id='word_1_166' title='bbox 1014 3560 1138 3618; x_wconf 86' lang='lat' dir='ltr'>videmus</span> 
     </span>
     <span class='ocr_line' id='line_1_26' title="bbox 300 3650 1135 3724; baseline 0.002 -18"><span class='ocrx_word' id='word_1_167' title='bbox 300 3650 438 3720; x_wconf 81' lang='lat' dir='ltr'>Pondere,</span> <span class='ocrx_word' id='word_1_168' title='bbox 454 3659 587 3723; x_wconf 90' lang='lat' dir='ltr'>quantum</span> <span class='ocrx_word' id='word_1_169' title='bbox 600 3651 628 3707; x_wconf 87' lang='lat' dir='ltr'>in</span> <span class='ocrx_word' id='word_1_170' title='bbox 641 3668 670 3708; x_wconf 90' lang='lat' dir='ltr'>se</span> <span class='ocrx_word' id='word_1_171' title='bbox 684 3660 734 3717; x_wconf 88' lang='lat' dir='ltr'>est,</span> <span class='ocrx_word' id='word_1_172' title='bbox 750 3667 807 3708; x_wconf 90' lang='lat' dir='ltr'>non</span> <span class='ocrx_word' id='word_1_173' title='bbox 819 3667 898 3722; x_wconf 90' lang='lat' dir='ltr'>posse</span> <span class='ocrx_word' id='word_1_174' title='bbox 910 3651 1019 3724; x_wconf 88' lang='lat' dir='ltr'>obliqua</span> <span class='ocrx_word' id='word_1_175' title='bbox 1034 3666 1135 3717; x_wconf 91' lang='lat' dir='ltr'>meare,</span> 
     </span>
     <span class='ocr_line' id='line_1_27' title="bbox 299 3741 1064 3815; baseline 0.003 -19"><span class='ocrx_word' id='word_1_176' title='bbox 299 3742 339 3796; x_wconf 84' lang='lat' dir='ltr'>Ex</span> <span class='ocrx_word' id='word_1_177' title='bbox 355 3757 531 3813; x_wconf 81' lang='lat' dir='ltr'>superorum</span> <span class='ocrx_word' id='word_1_178' title='bbox 546 3741 729 3815; x_wconf 71' lang='lat' dir='ltr'>precipiunt,</span> <span class='ocrx_word' id='word_1_179' title='bbox 742 3741 817 3814; x_wconf 90' lang='lat' dir='ltr'>quod</span> <span class='ocrx_word' id='word_1_180' title='bbox 829 3756 942 3799; x_wconf 86' lang='lat' dir='ltr'>cernere</span> <span class='ocrx_word' id='word_1_181' title='bbox 953 3741 1042 3814; x_wconf 88' lang='lat' dir='ltr'>possis</span> <span class='ocrx_word' id='word_1_182' title='bbox 1056 3759 1064 3798; x_wconf 70' lang='grc' dir='ltr'>ι</span> 
     </span>
    </p>

    <p class='ocr_par' dir='ltr' id='par_1_7' title="bbox 300 3828 810 3904">
     <span class='ocr_line' id='line_1_28' title="bbox 300 3828 810 3904; baseline 0.002 -19"><span class='ocrx_word' id='word_1_183' title='bbox 300 3828 353 3885; x_wconf 86' lang='lat' dir='ltr'>Sed</span> <span class='ocrx_word' id='word_1_184' title='bbox 372 3830 411 3885; x_wconf 91' lang='lat' dir='ltr'>nil</span> <span class='ocrx_word' id='word_1_185' title='bbox 425 3829 538 3886; x_wconf 88' lang='lat' dir='ltr'>omnino</span> <span class='ocrx_word' id='word_1_186' title='bbox 551 3831 624 3887; x_wconf 88' lang='lat' dir='ltr'>nulia</span> <span class='ocrx_word' id='word_1_187' title='bbox 637 3831 748 3904; x_wconf 85' lang='lat' dir='ltr'>regione</span> <span class='ocrx_word' id='word_1_188' title='bbox 759 3830 810 3886; x_wconf 89' lang='lat' dir='ltr'>viai</span> 
     </span>
    </p>

    <p class='ocr_par' dir='ltr' id='par_1_8' title="bbox 299 3918 1021 3992">
     <span class='ocr_line' id='line_1_29' title="bbox 299 3918 1021 3992; baseline 0.003 -18"><span class='ocrx_word' id='word_1_189' title='bbox 299 3918 446 3976; x_wconf 89' lang='lat' dir='ltr'>Declinare</span> <span class='ocrx_word' id='word_1_190' title='bbox 457 3919 519 3991; x_wconf 90' lang='lat' dir='ltr'>quis</span> <span class='ocrx_word' id='word_1_191' title='bbox 534 3920 632 3992; x_wconf 91' lang='lat' dir='ltr'>estqui</span> <span class='ocrx_word' id='word_1_192' title='bbox 643 3927 756 3992; x_wconf 77' lang='lat' dir='ltr'>praestet</span> <span class='ocrx_word' id='word_1_193' title='bbox 769 3935 881 3978; x_wconf 87' lang='lat' dir='ltr'>cernere</span> <span class='ocrx_word' id='word_1_194' title='bbox 894 3935 952 3977; x_wconf 88' lang='lat' dir='ltr'>sese</span> <span class='ocrx_word' id='word_1_195' title='bbox 966 3921 1021 3988; x_wconf 82' lang='lat' dir='ltr'>(t)i</span> 
     </span>
    </p>
   </div>
   <div class='ocr_carea' id='block_1_6' title="bbox 235 4247 732 4333">
    <p class='ocr_par' dir='ltr' id='par_1_9' title="bbox 235 4247 732 4333">
     <span class='ocr_line' id='line_1_30' title="bbox 235 4247 732 4333; baseline 0.004 -22"><span class='ocrx_word' id='word_1_196' title='bbox 235 4247 276 4331; x_wconf 85' lang='lat' dir='ltr'>(i)</span> <span class='ocrx_word' id='word_1_197' title='bbox 298 4251 426 4326; x_wconf 83' lang='lat' dir='ltr'>Lucret,</span> <span class='ocrx_word' id='word_1_198' title='bbox 445 4252 486 4328; x_wconf 87' lang='grc' dir='ltr'>ΙΙ,</span> <span class='ocrx_word' id='word_1_199' title='bbox 501 4253 559 4313; x_wconf 68' lang='lat'>243</span> <span class='ocrx_word' id='word_1_200' title='bbox 579 4250 732 4333; x_wconf 76' lang='lat' dir='ltr'>(Lacum).</span> 
     </span>
    </p>
   </div>
   <div class='ocr_carea' id='block_1_7' title="bbox 0 0 1456 5016">
    <p class='ocr_par' dir='ltr' id='par_1_10' title="bbox 0 0 1456 5016">
     <span class='ocr_line' id='line_1_31' title="bbox 0 0 1456 5016; baseline 0 3"><span class='ocrx_word' id='word_1_201' title='bbox 0 0 1456 5016; x_wconf 95' lang='lat' dir='ltr'> </span> 
     </span>
    </p>
   </div>
  </div>
 </body>
</html>
