2902 5016
203 459 235 508 at
486 458 527 510 DE
543 459 764 514 Puttosoeutct
781 460 936 514 rotulus

204 605 394 652 scenarum
413 583 666 678 compositam,
687 608 797 680 quam
812 599 847 655 et
861 586 977 656 Latini
991 586 1120 658 eodem
1140 586 1252 659 verbo

203 704 366 776 fabulam
383 704 657 803 nuncupabant.
681 712 773 804 Ergo
793 707 841 778 ad
860 723 974 782 totam
993 715 1132 808 poesim
1151 713 1252 809 quod

202 830 249 903 de
260 828 434 927 tragoedia
446 842 588 900 tantum
599 830 735 901 dictum
751 846 829 903 erat
840 836 1019 905 convertit
1032 835 1251 935 Stephanus,

202 969 239 1027 et
257 953 410 1025 verbum
430 958 520 1050 μῦθος
537 955 609 1025 alio
625 955 732 1053 plane
748 980 854 1027 sensu
873 957 1046 1030 intellexit
1065 984 1107 1030 ac
1125 961 1253 1032 volue-

201 1093 259 1150 rat
286 1079 505 1150 Aristoteles.
536 1078 645 1167 Quod
673 1079 823 1152 fortasse
850 1106 970 1181 operte
997 1085 1155 1180 pretium
1184 1085 1253 1157 fuit

202 1227 416 1298 coarguere3
455 1203 505 1273 ita
542 1227 666 1273 rarum
694 1218 805 1300 atque
831 1205 1116 1305 inexspectatum
1153 1209 1253 1307 apud

202 1328 322 1400 virum
354 1340 462 1397 tantae
489 1325 662 1397 doctrinae
694 1329 859 1424 tantique
889 1329 1036 1424 judicii,
1073 1345 1114 1401 ut
1147 1332 1253 1403 facile

203 1450 350 1523 credam
381 1449 484 1520 illum
513 1465 576 1521 aut
602 1450 714 1541 male,
747 1467 811 1524 aut
833 1454 956 1552 potius
983 1454 1109 1526 alienis
1136 1455 1252 1528 oculis

204 1575 303 1646 hunc
323 1573 473 1646 Poeticae
491 1574 614 1645 locum
633 1575 769 1670 legisse.

252 1705 337 1771 Erat
355 1699 452 1773 enim
471 1699 508 1773 in
527 1699 709 1789 munibus,
731 1715 773 1774 ut
794 1700 938 1799 opinor,
957 1703 1036 1777 ltali
1059 1702 1249 1797 cujusdam

201 1825 360 1899 hominis
371 1823 417 1896 de
429 1822 628 1897 Aristotelis
640 1825 784 1898 Poetica
796 1825 1063 1924 explanatorius
1076 1825 1249 1924 liber(l),

203 1948 323 2048 quiid
341 1949 516 2048 temporis
534 1949 733 2047 plurimum
753 1948 848 2021 fama
867 1949 1021 2039 valebat¹
1043 1966 1079 2027 et
1098 1976 1119 2022 a
1136 1951 1252 2049 pluri-

202 2074 284 2165 bus,
304 2089 346 2147 ut
363 2074 491 2171 saepius
504 2072 559 2164 fit,
578 2098 688 2169 quatu
703 2073 780 2172 ipse
793 2074 967 2170 Stagiritae
980 2073 1136 2156 libellus,
1154 2075 1251 2171 lege-

200 2197 329 2284 batur;
351 2197 500 2295 dignum
522 2221 607 2268 sane
625 2197 813 2271 hominem
827 2196 890 2270 cui
910 2198 1143 2296 popularium
1163 2224 1249 2270 suo·

200 2347 285 2397 rum
311 2322 356 2393 de
386 2320 656 2395 traductoribus
682 2346 724 2392 ac
752 2320 988 2394 traditoribus
1014 2321 1250 2420 proverbium

201 2443 390 2521 inuratur!
422 2451 540 2532 Quem
569 2445 760 2517 manifesto
791 2461 891 2543 patet
916 2445 968 2521 illi
989 2447 1084 2543 genti
1107 2447 1251 2544 illisque

199 2567 425 2667 temporibus
441 2569 620 2670 scripsisse
636 2593 716 2664 quae
731 2569 837 2643 unice
853 2568 1057 2646 delectabat
1074 2569 1247 2662 briostus,

199 2693 441 2791 lepidissimus
468 2715 554 2766 sane
583 2706 693 2789 etque
722 2692 1005 2788 elegantissimus
1029 2709 1156 2792 poeta,
1186 2697 1251 2770 sed

199 2842 311 2916 quem
326 2818 493 2888 Lucretio
508 2815 728 2914 posthabere
744 2841 808 2915 per
824 2819 1006 2889 neminem
1022 2844 1095 2891 non
1111 2819 1248 2896 licebit.

199 2948 271 3017 Nec
293 2942 488 3039 quisquam
510 2965 569 3015 me
590 2942 709 3014 nimiae
732 2942 931 3017 severitatis
951 2959 1095 3038 arguet,
1122 2945 1152 3014 si
1177 2945 1249 3018 hoc

199 3081 342 3141 tantum
360 3065 484 3141 dixero
502 3065 548 3137 de
566 3066 642 3162 ipsa
661 3066 762 3164 poesi
781 3065 870 3163 quid
887 3068 1018 3140 sentiat
1035 3068 1095 3139 1lle
1115 3071 1250 3142 Aristo-

199 3191 279 3266 telis
303 3189 543 3288 explanator:
568 3214 649 3267 cam
671 3214 802 3288 nempe
833 3221 849 3255 o
874 3190 920 3261 ad
945 3190 982 3267 id
1005 3207 1147 3268 tantum
1172 3219 1249 3266 esse

199 3314 401 3405 inventam,
432 3330 473 3385 ut
499 3314 628 3385 rudem
655 3329 765 3412 atque
789 3315 950 3410 ignaram
976 3314 1247 3388 multitudinem

199 3453 337 3517 recreet
352 3463 394 3513 ac
409 3437 563 3517 delectet
579 3470 597 3506 »
616 3438 682 3534 (2).
701 3441 747 3515 Et
761 3463 873 3537 porro
889 3438 1051 3536 pulchris
1064 3440 1134 3519 illis
1146 3442 1248 3539 prin-

241 3643 277 3724 (t)
300 3643 422 3709 Poeno
434 3641 628 3706 d’Aristotele
646 3642 845 3723 vulgarizzate
865 3661 881 3704 e
902 3650 1005 3723 sposta
1018 3663 1074 3726 per
1092 3645 1247 3710 Ludovico

198 3739 549 3811 metuendumne,
567 3743 656 3810 1570.
678 3739 922 3814 Basileae‚1576.

239 3839 279 3920 (Ξ)
295 3840 367 3903 nMa
377 3838 456 3899 oltre
469 3845 606 3919 aquesto
613 3837 642 3901 la
651 3838 777 3905 materia
788 3836 869 3905 telle
878 3837 1004 3905 sciencie
1019 3838 1125 3903 edelle
1135 3839 1245 3903 arti...

197 3933 338 4018 nou'puo
358 3954 459 3999 essere
480 3943 619 4014 soggetto
635 3935 716 4003 della
737 3933 853 4016 poesia,
881 3935 1034 3999 conoiosia
1051 3955 1125 4006 cosa
1146 3938 1247 3999 chela

198 4037 303 4116 poesia
318 4035 363 4101 sia
377 4041 456 4098 stata
470 4041 585 4099 trovata
599 4035 769 4103 solamente
784 4050 839 4112 per
851 4031 992 4103 dilettare
1008 4053 1025 4097 e
1039 4051 1095 4114 per
1105 4035 1243 4110 ricreare,

198 4134 230 4197 io
245 4133 314 4196 dieo
329 4152 385 4214 per
397 4134 536 4195 dilettare
548 4150 565 4193 e
577 4150 631 4213 per
641 4130 771 4202 ricreare
784 4132 823 4210 gli
835 4131 931 4199 aniuri
945 4132 1025 4201 della
1037 4151 1124 4196 rozza
1138 4135 1245 4198 multi-

197 4232 304 4295 tudine
317 4251 333 4295 e
344 4231 394 4294 del
403 4248 566 4294 commune
578 4230 705 4312 popolo.
717 4252 732 4289 u
746 4231 943 4312 castelvetro,
953 4253 983 4316 p.
999 4237 1039 4308 29
1053 4232 1114 4312 (ed.
1128 4233 1241 4316 basil).
