2902 5016
400 433 589 486 couniamur
607 432 688 484 suun
704 431 893 483 Lucanum.
1135 433 1166 482 rs

119 577 193 650 quo
208 577 274 652 per
297 553 431 626 aethera
451 553 498 624 ad
514 553 626 625 limen
640 552 830 651 Sapientiae
849 549 1078 622 Parmenides
1095 548 1164 622 fer-

119 692 193 770 tur,
213 704 300 750 cum
320 679 409 751 dixit
422 680 498 776 ipse
519 707 527 749 ε

223 870 450 946 Quandoquidem
461 870 548 929 semel
559 869 664 928 institui
678 868 862 928 conscendere
873 873 1008 942 currum(
1025 873 1070 938 )...

117 1042 270 1140 (Vellem
296 1058 489 1141 sequentes
513 1067 637 1114 versus
662 1043 796 1114 certius
820 1042 960 1142 possint
985 1039 1161 1133 adscribi,

116 1193 183 1240 nec
196 1169 293 1243 inter
309 1168 567 1241 hariolantium
594 1167 777 1240 editorum
794 1167 1021 1264 conjecturas
1035 1168 1164 1264 eligere
1207 1149 1210 1152 ‚

115 1315 210 1390 opus
225 1293 285 1390 sit)
300 1291 375 1391 (2);
393 1308 429 1366 et
447 1291 713 1366 nobilissimum
735 1293 826 1364 illud
841 1292 1063 1392 promissum
1081 1295 1165 1365 Deae

116 1413 324 1488 audientem
349 1415 534 1489 docentis:

496 1607 575 1692 Χρεὼ
592 1608 620 1669 δέ
640 1631 670 1670 σε
687 1608 775 1669 πάντα
789 1608 985 1671 πυθέσθαι......

256 1706 316 1787 Χρὴ
330 1707 444 1786 δοκίμως
455 1711 554 1788 γνῶναι
570 1707 612 1769 διὰ
626 1708 723 1775 παντὸς
738 1707 826 1768 πάντα
844 1710 966 1787 περῶντα
979 1707 1035 1788 (3),

115 1890 222 1988 cujus
239 1917 314 1965 non
336 1895 587 1968 immemorem
612 1892 758 1968 credam
776 1896 985 1968 Lucretium
1008 1920 1050 1967 ea
1072 1921 1162 1995 prae-

117 2019 337 2092 stantissima
358 2020 405 2092 de
424 2022 581 2121 Epicuro
600 2021 743 2113 dixisse,
772 2021 835 2120 qui
857 2020 972 2093 multa
991 2021 1165 2094 divinitus

577 2221 651 2279 Dare
660 2219 734 2278 dicta
744 2219 844 2291 suerit,

221 2309 313 2380 Atque
325 2321 438 2366 omnem
448 2323 542 2368 rerum
555 2319 684 2368 naturam
697 2309 817 2384 pandere
830 2309 911 2368 dictis
924 2314 933 2379 (
950 2314 971 2381 ).

158 2641 199 2724 (l)
220 2643 310 2707 Lucr.
326 2646 377 2726 Vl,
390 2650 428 2708 li
446 2645 606 2728 (Lacum).

156 2778 193 2844 (2)
211 2776 278 2833 lisa.
387 2779 540 2837 Ventorum
550 2780 671 2838 exirtant
681 2780 824 2853 placentur
835 2747 929 2838 omnia
942 2795 1061 2852 rursum,

387 2869 456 2940 Quae
468 2869 572 2927 luerint
585 2869 641 2927 sint
652 2871 758 2943 placato
774 2885 906 2928 conversa
920 2869 1023 2927 favore.

204 2989 367 3050 Lambinus.
386 2993 520 3050 Vincendi
536 3010 599 3067 spes
613 2994 724 3052 hortata
738 3002 790 3066 est,
807 3002 889 3067 atque
902 2994 982 3052 obvia
992 3009 1073 3051 cursu

385 3081 454 3152 Quae
465 3082 586 3154 fuerunt,
601 3093 667 3142 sunt
677 3085 785 3157 placato
798 3099 929 3142 conversa
944 3081 1047 3142 lurore.

200 3199 340 3259 Lemaire.
361 3201 535 3262 *ventosum
543 3203 674 3264 exhortes
681 3204 827 3280 plaudens,
837 3205 908 3263 male
916 3213 944 3262 et
951 3204 1045 3263 omnia
1052 3219 1162 3262 rursum

386 3292 455 3363 Quae
469 3291 582 3363 luerint,
597 3294 653 3352 sint
666 3295 774 3369 placato
788 3309 920 3353 conversa
934 3293 1037 3354 lavore.

201 3413 374 3476 Lachmann.
385 3419 539 3477 Ventorum
552 3428 581 3479 et
592 3430 699 3479 certant
712 3420 869 3495 plangentia
884 3420 996 3478 flamina
1009 3433 1130 3487 rursum,

386 3508 455 3579 Quae
467 3508 583 3577 luerint,
595 3510 665 3582 sine,
679 3511 787 3583 placato
801 3526 933 3569 conuersa
947 3508 1048 3568 lurore.

116 3643 208 3709 coni.
224 3644 428 3714 imitationem
440 3654 555 3718 Manilii
568 3656 616 3738 (V,
634 3656 683 3737 lo)

386 3785 458 3842 Cum
469 3787 555 3844 semel
569 3787 703 3846 aethereos
711 3788 804 3864 jussus
815 3785 1001 3846 conscendere
1015 3799 1111 3841 currus

385 3874 531 3932 Summum
546 3877 707 3950 contigerim
722 3893 776 3969 sua·
784 3894 833 3952 per
845 3876 950 3951 fastigia
963 3875 1084 3932 culmen.

154 3992 193 4074 (3)
214 3992 412 4061 Parmenides
433 4000 516 4082 apud
529 4002 730 4067 Mullachium
744 4006 794 4080 28,
812 4006 861 4066 32.
879 4001 1079 4086 (Froqmccto
1088 3996 1163 4077 plci-

115 4089 308 4170 losoplorum
320 4113 498 4176 praecorum,
515 4099 565 4161 ed.
579 4099 686 4183 Didot).

157 4184 197 4269 (l)
218 4189 309 4254 Lucr.
330 4192 368 4270 V,
387 4196 426 4257 54
442 4195 597 4277 (Lachm.).
