2902 5016
290 473 322 522 40
585 468 630 519 vllll
648 466 864 522 rttttosoetttct
880 466 1037 519 rotulus

301 606 303 610 ’
340 595 441 678 Quos
472 590 572 662 locos
600 590 749 686 longum
782 591 826 661 sit
852 614 893 660 ac
917 613 1222 688 supervacaneum
1246 615 1337 662 enu-

292 739 444 806 merare,
478 715 613 813 quippe
635 739 728 811 quos
757 716 794 784 in
821 714 906 811 ipsis
925 713 1026 785 libris
1051 739 1212 811 quaerere
1235 714 1339 788 facile

291 839 410 937 quivis
441 839 554 937 possit
572 840 638 935 (i).
678 838 718 910 ld
741 854 864 911 autem
886 840 936 923 ,in
958 840 1167 910 universum
1195 838 1339 911 affirmo

291 980 379 1036 tunc
407 965 614 1035 Lucretium
643 989 664 1034 a
691 963 800 1035 Musis
836 962 1018 1035 desertum
1050 988 1092 1034 ac
1123 961 1340 1034 destitutum

292 1089 400 1161 fuisse
449 1114 564 1185 quum
606 1089 804 1188 Epicurum
845 1087 1068 1186 pedetentim
1104 1103 1339 1185 sequeretur,

290 1213 440 1302 nedum,
462 1229 503 1285 ut
537 1229 684 1312 poetam
708 1213 852 1302 decuit,
887 1237 930 1284 ex
957 1212 1015 1283 his
1050 1212 1341 1312 disputationum

292 1338 465 1436 angustiis
482 1339 568 1410 forti
590 1362 709 1436 penna
732 1335 905 1409 evolaret.
926 1341 1024 1409 Tunc
1048 1335 1203 1417 obscura
1225 1337 1344 1409 multa

293 1463 513 1554 invenimus;
539 1487 607 1533 nec
634 1462 781 1547 mirum,
803 1486 918 1557 quum
938 1459 1229 1532 obscurissimam
1252 1461 1342 1534 doc-

294 1588 427 1659 trinam
453 1587 635 1676 enuntiet3
663 1601 699 1657 et
719 1586 873 1657 humilia
900 1611 943 1658 ac
971 1586 1129 1679 sordida,
1155 1613 1271 1685 quum
1285 1613 1345 1662 res

295 1711 464 1798 subtileS‚
494 1712 569 1782 imo
587 1709 763 1782 absurdas
781 1712 981 1810 exprimere
997 1727 1164 1802 conetur,
1180 1737 1271 1809 quas
1284 1714 1345 1784 vix

294 1862 401 1935 prosa
428 1837 545 1908 oratio
569 1836 763 1935 complecti
796 1837 921 1935 possit,
952 1835 1088 1908 nedum
1115 1838 1247 1936 poesis.
1275 1841 1344 1911 tti-

294 1987 419 2035 ramur
440 1976 561 2033 tamen
582 1978 775 2053 conatum3
798 1987 884 2032 nam
908 1988 993 2033 cum
1022 1962 1068 2034 de
1091 1963 1273 2035 celeritate
1297 1965 1345 2035 si·

295 2086 542 2158 mulacrorum
580 2087 630 2157 sic
661 2086 836 2184 inciperet
866 2087 1042 2184 Epicurus
1072 2113 1079 2156 :
1105 2089 1184 2185 Περὶ
1217 2059 1251 2159 δὲ
1291 2102 1347 2172 τῆς

295 2212 375 2282 κατὰ
395 2219 449 2291 τήν
473 2211 564 2308 popina
583 2217 773 2308 ὑπαρχούσης
798 2214 970 2308 ταχύτητος
998 2225 1046 2280 νῦν
1063 2216 1164 2310 λέγειν
1190 2218 1347 2311 ἐπιχειρή-

298 2365 389 2434 σομεν
401 2335 468 2433 (2),
487 2360 529 2407 ea
543 2336 686 2433 poetice
704 2334 856 2407 reddere
871 2335 1058 2407 Lucretius
1072 2350 1187 2409 tentat
1205 2365 1213 2408 ε

403 2531 485 2585 Nunc
498 2543 558 2602 age,
575 2544 659 2600 quam
674 2528 756 2586 celeri
769 2536 848 2585 motu
860 2528 1004 2587 simulacra
1017 2529 1151 2601 ferantur,

403 2619 439 2673 Et
449 2632 511 2690 quae
524 2616 663 2674 mobilitas
675 2616 737 2673 ollis
750 2618 921 2674 tranantibus
932 2631 1013 2674 auras

403 2705 518 2762 Reddita
529 2705 575 2774 sit,
589 2704 671 2778 longo
685 2705 773 2778 spatio
789 2714 819 2761 ut
830 2704 920 2762 brevis
933 2705 1002 2762 hora
1014 2713 1134 2777 teratur,

403 2792 551 2850 Suavidicis
564 2793 738 2866 potiusquam
752 2794 848 2851 multis
861 2794 983 2851 versibus
996 2794 1093 2864 edam;

402 2887 507 2942 Parvus
520 2893 551 2941 ut
563 2894 606 2942 est
618 2886 698 2959 cycni
712 2886 810 2942 melior
823 2901 916 2954 canor,
930 2884 976 2942 ille
994 2902 1093 2960 gruum
1106 2902 1189 2959 quam

406 2973 518 3030 Clamor
529 2973 558 3029 in
570 2972 693 3031 aetheriis
707 2973 846 3046 dispersus
858 2973 979 3031 nubibus
991 2975 1076 3031 austri
1091 2975 1138 3047 (3).

300 3148 339 3213 In
360 3141 492 3239 quibus
511 3143 649 3243 aliquid
667 3146 770 3242 cycni
787 3171 863 3217 esse
884 3147 986 3218 haud
1002 3151 1222 3246 negaverim,
1249 3153 1348 3226 illam

300 3295 431 3368 nempe
446 3295 575 3341 rocem
595 3271 954 3361 transcenderemus,
974 3299 1082 3370 quarn
1099 3275 1345 3374 aliuscycnus‚

300 3399 516 3466 Mantuanus
553 3395 700 3482 scilicet,
748 3419 823 3466 non
865 3396 1078 3492 dedignatus
1112 3414 1166 3471 est
1182 3399 1254 3498 (4);
1287 3404 1350 3475 sed

344 3652 383 3733 (l)
406 3653 510 3715 Altera
532 3659 625 3735 atque
645 3653 816 3735 expeditior
840 3653 936 3718 editio
959 3657 1071 3736 prodiit
1089 3657 1118 3719 in
1141 3659 1268 3736 lucem,
1293 3681 1349 3726 cu-

301 3756 389 3814 rante
412 3753 552 3814 Conrado
577 3752 703 3828 Orelli0‚
732 3752 789 3814 sub
814 3752 873 3815 hoc
899 3752 987 3816 titulo
1007 3755 1156 3837 :Epicuri
1182 3757 1351 3838 fragmenta

301 3847 449 3911 librorum
466 3851 492 3910 ll
508 3853 539 3910 et
554 3852 594 3910 XI
618 3849 656 3910 de
679 3852 809 3927 Natura,
827 3849 860 3911 in
881 3851 1092 3915 voluminibus
1116 3856 1292 3936 papyraceis
1313 3876 1351 3918 ex

302 3945 476 4007 Herculano
490 3946 584 4024 erutis
600 3951 737 4027 reperta,
751 3947 882 4027 Lipsiae,
899 3951 987 4012 1818.

276 4089 280 4096 .
343 4041 382 4121 (ἓ)
404 4042 526 4122 Epicuri
542 4043 610 4122 Περὶ
626 4044 754 4117 Φύσεως,
769 4044 820 4107 lib.
838 4048 883 4118 11,
901 4046 962 4107 col.
980 4048 1008 4107 l.

343 4139 384 4218 (3)
408 4141 542 4220 Lucret,
563 4143 619 4217 tv„
629 4146 698 4205 176.
714 4143 800 4205 Conl.
814 4145 862 4219 tv,
877 4147 936 4206 909
950 4144 1112 4227 (Lachmt

345 4234 385 4317 (t)
408 4236 598 4316 Virg.,AEra.‚
617 4241 665 4313 IV,
679 4242 739 4302 att
756 4240 902 4304 :turbida
918 4247 1018 4305 tranat
1031 4241 1149 4304 Nubila.
