2902 5016
307 461 338 508 cs
608 458 648 509 ΒΕ
665 458 882 510 Pultosorttlct
900 460 1055 511 eununrls

308 604 424 677 quum
447 578 583 649 irridet.
613 577 669 650 Ob
691 579 729 651 id
751 581 847 652 enim
870 583 1066 680 Epicurum
1086 581 1227 668 laudet,
1256 582 1355 681 quod

309 728 424 800 quum
445 703 595 774 miseros
614 704 768 793 videret,

414 905 546 962 veridicis
557 906 641 979 igitur
653 909 777 981 purgavit
791 916 902 980 pectora
913 907 1003 978 dietis,

416 995 451 1048 Et
462 993 547 1049 linem
563 994 659 1050 statuit
670 993 832 1067 cuppedinis
845 1001 928 1067 atque
940 995 1058 1063 timoris,

415 1079 601 1151 Exposuitqne
618 1079 724 1137 bonum
737 1097 891 1152 summum,
905 1097 961 1154 quo
974 1082 1114 1138 tendimus
1127 1099 1236 1149 omnes,

416 1168 491 1240 Quid
502 1168 583 1235 soret,
597 1177 681 1241 atque
693 1170 767 1225 viam
779 1171 953 1237 monstravit,
968 1171 1078 1229 tramite
1092 1167 1185 1244 parvo,

417 1260 478 1328 Qun
490 1273 632 1329 possemus
646 1257 681 1313 nd
695 1257 723 1314 id
737 1267 814 1314 recto
826 1257 993 1316 contendere
1007 1275 1090 1316 cursu
1104 1264 1141 1328 (1)
1153 1280 1161 1328 ;

312 1464 348 1520 et
365 1447 476 1518 deum
494 1446 659 1517 nominat
677 1446 741 1542 qui

416 1649 558 1708 Fluctibus
569 1665 584 1705 e
596 1648 679 1704 tantis
693 1647 777 1702 vitam
791 1628 927 1721 tantisque
942 1649 1049 1721 periclis

416 1741 449 1794 ln
465 1745 523 1793 tem
537 1735 684 1808 tranquillo
698 1743 795 1791 ettam
809 1735 882 1792 elem
896 1735 957 1793 lune
969 1736 1069 1793 locavit
1083 1743 1137 1807 (2);

418 1917 480 1985 Quo
495 1914 582 1986 magis
596 1913 639 1968 liic
652 1912 752 1969 merito
763 1913 844 1970 nobis
855 1913 924 1970 deus
936 1929 997 1971 esse
1010 1912 1129 1981 videtur,

417 2007 459 2060 Ex
474 2019 529 2076 qno
542 2018 616 2059 nunc
629 2001 711 2058 etiam
723 2018 773 2073 per
786 2018 900 2076 magnos
913 2002 1004 2060 dedita
1016 2011 1111 2076 gentes
1156 2012 1157 2017 ’

416 2091 514 2148 Dulcia
529 2090 701 2163 permulcent
710 2089 819 2147 animos
831 2091 928 2147 solatio
942 2091 1006 2148 vitae
1018 2096 1065 2160 (3).

312 2281 397 2353 Ideo
425 2278 634 2374 religionem
663 2277 861 2350 detestatur
889 2277 990 2374 quod
1025 2308 1042 2342 «
1070 2293 1213 2349 tantum
1238 2282 1360 2377 potuit

312 2402 462 2475 suadere
480 2402 673 2472 malorum.
697 2430 714 2465 s
735 2407 778 2471 At
796 2425 872 2471 non
892 2400 1105 2497 lphiarrassae
1124 2402 1234 2473 modo
1254 2405 1359 2475 mise-

311 2525 532 2625 returpatris
541 2525 642 2619 jussu
656 2523 860 2614 trucidatee3
876 2523 938 2595 sed
949 2525 1159 2596 animalium
1171 2524 1360 2598 doloribus

311 2651 482 2748 tangitur,
512 2664 549 2719 et
573 2648 728 2720 vitulum
750 2663 833 2719 ante
854 2673 934 2720 aras
952 2664 1150 2721 mactatum
1174 2649 1293 2741 dolet,
1324 2666 1360 2722 et

313 2793 450 2863 miserae
477 2790 602 2860 matris
626 2787 854 2860 lacrimosam
878 2789 1070 2885 imaginem
1095 2789 1223 2862 eodem
1249 2793 1360 2864 animi

312 2941 419 2988 sensu
437 2914 605 3012 exprimit
625 2937 701 3009 quo
722 2912 904 3009 Virgilius,
934 2913 998 3009 qui
1021 2913 1121 2985 hunc
1141 2913 1264 2986 locum
1284 2917 1360 2988 sine

312 3039 425 3110 dubio
440 3039 601 3109 imitatus
614 3051 681 3107 est.
696 3036 791 3123 Quin
805 3036 913 3107 etiam
929 3061 1045 3133 quum
1058 3052 1191 3109 terrum
1206 3055 1358 3112 matrem

313 3161 418 3234 nobis
436 3159 594 3232 ostendit
613 3184 694 3257 quae

420 3367 548 3421 Tutores
561 3371 670 3419 teneres
684 3360 763 3418 ellert
774 3360 802 3416 in
819 3362 930 3419 luminis
944 3379 1008 3420 oros
1021 3369 1068 3434 (4),

314 3567 377 3624 nut
396 3552 524 3648 quaerit
543 3548 632 3646 quid
649 3549 809 3646 primum
828 3550 951 3622 mollia
970 3576 1055 3623 arva

353 3913 394 3987 11)
417 3912 546 3984 Lucret,
561 3909 617 3981 Vl,
630 3909 669 3969 st
686 3905 843 3986 (Lachml.

357 4008 395 4089 ld)
419 4009 552 4080 lucret,
568 4006 605 4074 V,
619 4008 653 4067 11
680 4003 836 4082 (Lachml

354 4107 394 4184 [3)
418 4106 547 4175 Locroe,
560 4104 597 4176 V,
618 4105 656 4163 19
675 4101 837 4180 (Lechm.).

354 4202 395 4280 (1)
417 4203 549 4265 Luerel„
570 4202 596 4271 l,
613 4202 670 4261 179
690 4199 845 4274 (lechin).
