2902 5016
198 449 229 498 ta
498 445 539 495 ltu
556 443 773 498 PlllLOSOPlllCl
790 445 946 496 Punntt'ts

198 567 305 656 Quod
324 569 353 637 si
367 564 524 664 probare
546 566 655 637 velim
684 567 869 664 exemplis,
893 569 1008 639 multa
1021 570 1097 664 jam
1116 588 1247 668 praesto

199 707 294 764 sunt.
324 698 522 789 Postquam
540 691 637 763 enim
656 693 781 789 paucis
799 691 888 764 dixit
910 694 1031 765 omnia
1050 695 1086 765 in
1116 710 1247 768 natura

200 817 332 889 mutari
346 832 456 914 atque
472 816 598 904 lluere,
612 841 733 888 rerum
750 832 872 889 tamen
888 844 1068 890 summam
1083 845 1245 912 manere,

198 941 282 1013 inde
300 940 560 1038 consequentia
573 939 727 1036 jungens
742 942 929 1040 principiis
944 943 990 1015 ad
1007 943 1044 1014 id
1062 970 1129 1016 nos
1147 945 1248 1018 ducit

198 1067 460 1139 elementorum
484 1064 731 1163 spectaculum
749 1090 830 1162 quae

301 1249 384 1314 Unde
398 1257 501 1313 abeunt
511 1257 649 1323 minuunt,
665 1271 720 1328 quo
732 1271 831 1314 venere
845 1257 974 1330 augmine
988 1258 1103 1329 donant,

304 1347 354 1402 illa
368 1361 522 1409 senescere,
535 1354 563 1400 at
576 1344 636 1402 heac
649 1354 743 1401 eontra
757 1345 902 1402 florescere
916 1357 1032 1419 cogunt,

304 1436 363 1490 Nec
377 1441 552 1490 remorantur
563 1432 615 1500 ibi3
631 1432 670 1488 sic
684 1448 777 1488 rerum
790 1449 900 1488 summa
918 1444 1035 1491 novatur

305 1525 431 1594 Semper,
445 1529 473 1576 et
485 1521 558 1576 inter
570 1537 600 1577 se
614 1521 745 1578 mortales
759 1529 856 1578 mutua
872 1523 974 1594 vivunt,

303 1618 463 1683 Augeseunt
473 1609 534 1666 aliae
546 1617 650 1682 gentes,
665 1610 725 1667 aliae
737 1611 911 1680 minuuntur,

303 1704 389 1773 lnque
402 1698 476 1756 brevi
490 1699 577 1770 spatio
592 1707 735 1755 mutantur
748 1699 820 1756 secla
828 1701 1015 1769 animantum,

304 1792 340 1846 Et
352 1789 430 1864 quasi
445 1803 571 1844 cursores
584 1787 651 1845 vitai
664 1788 791 1861 lampada
804 1788 919 1846 tradunt
931 1794 978 1859 (t).

203 1981 344 2071 Quibus
366 1978 527 2052 versibus
546 1978 637 2076 quid
654 1977 785 2074 majus,
816 1980 904 2076 quid
934 1979 1123 2051 sublimius
1147 1981 1247 2052 inve·

199 2107 300 2179 nias?
325 2111 405 2194 Qua
423 2102 730 2201 contemplatione
749 2104 795 2174 ad
818 2103 947 2175 altiora
964 2131 1064 2177 mens
1083 2104 1247 2176 humana

199 2232 312 2331 possit
329 2228 497 2302 evolare?
514 2235 641 2300 Nonne
656 2231 706 2298 sic
720 2227 810 2299 deus
829 2228 918 2325 ipse,
941 2230 1042 2327 operi
1053 2254 1119 2299 suo
1130 2230 1249 2301 inten-

201 2371 272 2444 tus,
294 2380 314 2426 e
334 2353 470 2425 siderea
486 2352 570 2423 sede
591 2351 713 2423 omnia
729 2352 901 2441 viventia,
918 2353 1008 2425 dum
1021 2353 1058 2425 in
1073 2355 1251 2452 temporis

199 2479 317 2551 stadio
336 2491 488 2549 currunt
510 2501 552 2546 ac
583 2474 732 2547 brevem
765 2477 876 2548 vitam
897 2478 966 2549 alia
986 2478 1064 2549 aliis
1082 2478 1248 2568 tradunt,

198 2603 405 2675 aeternitatis
426 2627 499 2673 suae
515 2626 664 2673 securus
680 2602 890 2700 adspectat?

247 2727 334 2799 lnde
361 2726 408 2798 ad
439 2741 582 2798 atomos
615 2726 723 2818 redit,
750 2727 874 2824 eisque
911 2728 1019 2799 docet
1039 2753 1096 2800 res
1115 2753 1159 2800 eo
1179 2727 1248 2800 du·

199 2855 312 2923 riores
331 2876 373 2923 ac
392 2851 576 2923 densiores
594 2866 658 2923 aut
675 2876 801 2936 rursus
824 2851 1012 2924 molliores
1030 2878 1072 2923 ac
1091 2853 1250 2924 rariores

199 2976 371 3048 constitui
397 3000 472 3073 quo
502 2979 636 3048 arctius
655 2976 812 3048 laxiusve
846 2979 1132 3074 conjungantur3
1161 2976 1250 3047 alias

199 3116 322 3172 autem
335 3125 412 3171 esse
426 3124 509 3196 quae
527 3098 649 3171 liberae
669 3125 812 3199 semper
832 3116 1019 3197 vagentur.
1039 3104 1159 3187 Quam
1178 3100 1249 3171 ari-

199 3223 284 3296 dam
312 3224 500 3295 materiem
518 3248 593 3320 quo
621 3222 773 3295 artificio
792 3223 966 3295 laetiorem
984 3223 1117 3296 faciet?
1145 3229 1248 3319 lnge-

200 3348 441 3419 niosissimam
468 3372 600 3446 nempe
625 3345 774 3419 adhibet
797 3347 1023 3419 minutorum
1049 3372 1248 3448 corpuscu-

199 3472 321 3543 lorum
339 3472 529 3568 imaginem
551 3497 633 3569 quae
651 3471 688 3542 in
708 3471 793 3544 solis
808 3469 918 3542 radiis
934 3472 1123 3544 videmus:

304 3666 515 3739 Contemplator
528 3666 616 3735 enim,
627 3683 715 3740 quum
726 3668 792 3725 solis
802 3667 907 3725 lumina
921 3684 1040 3742 cumque

304 3755 404 3814 inserti
418 3754 539 3812 fundunt
550 3756 618 3813 radii
631 3772 680 3828 per
694 3772 779 3829 opaea
793 3755 955 3833 domorum3

304 3847 390 3904 Multa
401 3847 507 3903 minuta
520 3845 612 3903 modis
626 3846 720 3903 multis
732 3863 782 3920 per
796 3847 876 3904 inane
890 3847 994 3904 videbis

305 3939 426 4010 Corpora
440 3937 565 4005 misceri,
579 3935 721 3993 radiomm
735 3936 838 3994 lumine
851 3937 880 3993 in
893 3937 964 4010 ipso,

245 4233 285 4316 (1)
306 4236 422 4296 Lueret.
442 4233 483 4306 Π,
500 4232 593 4294 tana
608 4231 767 4313 (boehm).
