2902 5016
262 544 264 549 ,
335 490 367 539 20
635 485 676 536 DE
692 482 909 536 PlllLOSOPlllCl
928 483 1083 534 romans

387 1145 464 1212 Non
484 1150 542 1213 me
562 1139 653 1237 fugit
672 1164 751 1211 eam
770 1138 1053 1238 disputationem
1074 1139 1276 1210 instituenti
1296 1163 1386 1209 con·

338 1266 443 1336 tinuo
466 1263 576 1360 objici
595 1265 805 1361 opinionem
828 1263 926 1362 apud
949 1279 1087 1335 veteres
1107 1289 1149 1335 ac
1171 1264 1392 1335 recentiores

337 1378 419 1487 plus
436 1413 542 1486 aequo
559 1386 792 1475 celebratam,
810 1389 935 1486 quaesi
955 1414 1039 1459 vera
1055 1390 1112 1478 sit,
1134 1403 1211 1459 tota
1228 1413 1271 1459 ex
1284 1386 1390 1458 fabu-

337 1512 381 1583 lis
396 1527 537 1584 constet
549 1512 686 1611 poesis;
706 1511 803 1583 unde
814 1511 896 1608 jure
910 1511 1091 1608 colligitur
1102 1511 1389 1611 philosophiam,

337 1662 419 1735 quac
437 1660 565 1708 verum
584 1635 726 1734 quaerit,
749 1635 796 1707 ab
816 1661 859 1708 ea
879 1660 1029 1736 prorsus
1048 1635 1257 1708 abhorrere.
1281 1634 1393 1730 Cujus

338 1761 531 1858 opinionis,
558 1785 674 1859 quum
697 1760 804 1832 altius
825 1776 988 1860 repetere
1008 1785 1240 1859 nequaquam
1259 1775 1393 1858 potue·

339 1884 430 1976 rim,
460 1909 481 1956 e
506 1885 655 1956 Platone
679 1899 789 1981 atque
811 1885 997 1956 Aristotele
1025 1885 1200 1982 originem
1226 1885 1312 1956 duci
1336 1909 1393 1955 ar·

338 2007 474 2100 bitror3
490 2033 565 2080 non
578 2024 700 2080 tamen
709 2023 802 2107 puto
813 2032 974 2080 summos
986 2009 1067 2081 illos
1078 2010 1175 2082 viros
1186 2008 1394 2105 angustiore

341 2147 450 2231 atque
471 2136 625 2206 arctiore
647 2157 767 2224 sensu,
791 2157 872 2231 quae
892 2133 939 2205 de
959 2158 1000 2204 ea
1015 2159 1054 2205 re
1077 2133 1258 2223 dixerunt,
1279 2133 1392 2203 inter·

341 2271 502 2356 pretatos
519 2281 608 2350 esse,
628 2282 747 2353 neque
765 2257 811 2328 ad
832 2257 954 2329 vivum
973 2257 1181 2348 resecuisse,
1202 2271 1244 2327 ut
1262 2255 1314 2329 illi
1329 2257 1394 2352 qni

342 2379 469 2453 eadem
494 2395 578 2478 post
605 2405 667 2452 eos
696 2379 863 2451 subtilius
890 2379 1154 2470 disseruerunt,
1189 2381 1393 2452 doctrinam

343 2504 618 2602 magistrorum,
647 2519 688 2575 ut
712 2503 774 2594 fit,
804 2504 894 2576 dum
921 2505 958 2574 in
985 2505 1101 2602 majus
1128 2503 1260 2602 augent
1284 2519 1395 2601 atque

343 2644 567 2726 exaggerant,
588 2630 625 2698 in
642 2627 802 2700 deterius
818 2644 1104 2729 corrumpentes.
1129 2628 1198 2701 Sed
1217 2644 1339 2699 tamen
1359 2643 1395 2699 et

344 2752 443 2851 apud
454 2752 642 2824 Platonem
656 2752 694 2822 in
711 2752 936 2825 nobilissimo
950 2754 1014 2826 illo
1028 2753 1172 2850 dialogo
1184 2754 1248 2850 qui
1259 2752 1394 2823 Phaedo

344 2876 566 2969 inscribitur,
586 2877 755 2949 audimus
771 2882 955 2949 Socratem
969 2877 1108 2976 poesim
1128 2893 1318 2974 negantem
1337 2877 1395 2946 ul-

342 3001 415 3073 lam
433 3001 505 3073 illic
524 3027 600 3074 esse
619 3001 683 3073 ubi
702 3000 832 3073 fabulae
852 3027 927 3074 non
947 3002 1018 3074 sint
1035 3003 1108 3101 tl),
1133 3018 1169 3074 et
1188 3001 1395 3072 Aristoteles

345 3127 391 3196 in
407 3126 527 3225 primo
553 3127 703 3197 Poeticae
726 3129 1002 3198 versu'nuntiat
1025 3152 1063 3198 se
1092 3157 1108 3190 a
1131 3126 1318 3223 quomodo
1341 3125 1395 3196 fa·

344 3247 449 3321 bulas
470 3264 579 3348 poeta
601 3274 820 3348 componere
841 3250 971 3322 debeat
993 3281 1010 3317 n
1038 3250 1307 3349 disputaturum
1327 3249 1394 3346 (2),

346 3375 450 3472 quasi
466 3374 503 3444 id
519 3389 660 3446 tantum
676 3390 792 3474 poetae
810 3400 955 3466 munus,
971 3399 1013 3446 ea
1031 3374 1107 3475 sola
1126 3376 1313 3473 provincia
1328 3375 1394 3464 sit,

348 3498 588 3596 quamobrem
615 3500 736 3571 forsan
764 3501 888 3597 paucis
915 3515 998 3597 post
1028 3499 1190 3571 versibus
1214 3499 1397 3599 Empedo-

346 3623 440 3695 clem
459 3648 533 3695 non
552 3624 683 3723 poetis,
704 3623 766 3694 sed
784 3623 942 3723 physicis
960 3624 1176 3696 adnumerat
1192 3625 1260 3722 (3).

397 3863 435 3945 (l)
458 3862 604 3936 Ἐννοήσας
624 3863 665 3922 ὅτι
685 3862 730 3922 τὸν
754 3864 867 3936 ποιητὴν
888 3864 951 3936 δέοι,
976 3863 1050 3945 εἴπερ
1073 3863 1164 3940 pellor
1188 3864 1299 3938 ποιητὴς
1319 3855 1397 3938 εἶναι,

349 3969 433 4020 ποιεῖν
444 3959 547 4039 μύθους.
560 3959 636 4022 Plat.
647 3961 769 4038 Phado,
784 3965 876 4040 p.6l,
889 3963 924 4023 Β.
934 3963 1021 4024 conl.
1033 3962 1189 4024 Plutarch.
1206 3964 1251 4024 De
1270 3963 1399 4024 audiea-

352 4059 516 4139 dispectis,
536 4062 566 4121 6.

395 4159 430 4239 (2)
452 4157 506 4218 Kal
527 4159 583 4222 πῶς
596 4157 635 4215 δεῖ
648 4155 821 4216 συνίστασθαι
832 4155 893 4226 τοὺς
909 4155 1012 4235 μύθους.
1029 4155 1152 4219 Arislol.
1168 4159 1251 4219 Poel.
1266 4162 1292 4219 l.

394 4256 433 4338 (3)
454 4256 498 4318 De
515 4272 577 4337 quo
588 4253 702 4334 judicio
716 4254 854 4316 notulam
868 4265 1002 4317 nostram
1016 4272 1107 4335 supra
1122 4253 1224 4318 videas
1238 4272 1358 4337 precor.
