2902 5016
473 450 664 503 cortulttonu
681 451 763 504 APUD
781 452 968 505 tumnultu.
1215 457 1246 506 tt

199 574 301 673 cipiis
328 573 518 665 inductus,
551 598 596 647 eo
626 574 724 647 venit
747 589 788 645 ut
818 599 893 646 non
921 574 1033 647 modo
1061 575 1246 666 Lucretio,

199 696 369 799 Hesiod0,
386 704 546 787 Lucam,
562 697 625 770 sed
639 713 676 769 et
688 697 835 792 Virgilio
850 698 962 796 (proh
976 698 1092 770 scelus
1102 696 1135 796 l)
1148 698 1250 796 quod

200 819 246 892 ad
275 825 448 917 Georgica
478 821 625 912 attinet,
659 837 776 920 poetae
806 847 941 894 nomen
975 821 1152 919 denegare
1184 847 1249 894 au-

199 945 285 1018 deat
302 944 378 1042 ll)!
406 950 523 1034 Quem
545 971 592 1018 ne
609 944 774 1023 dubitem
793 947 882 1043 quin
901 947 1076 1027 Henricus
1096 946 1248 1046 Stepha-

198 1094 268 1140 nus
285 1068 411 1165 legerit
428 1069 598 1151 acarimia
616 1069 830 1142 credulitate
847 1094 927 1168 quae
946 1072 985 1142 in
1007 1096 1051 1143 eo
1072 1072 1250 1144 inveniret

198 1195 389 1292 acceperit,
407 1208 559 1266 monent
572 1194 688 1266 multa
703 1219 785 1291 quae
799 1194 846 1266 de
862 1195 1060 1266 Aristotelis
1074 1195 1251 1268 sententia

199 1318 359 1408 disserit,
389 1319 520 1392 eodem
544 1343 667 1390 errore
692 1333 882 1417 corrupta,
913 1332 949 1392 et
974 1317 1101 1390 iisdem
1128 1317 1248 1394 verbis

200 1441 334 1538 quibus
352 1467 439 1514 usus
456 1456 510 1514 est
526 1456 650 1532 noster
666 1441 846 1540 descripta
863 1441 929 1540 (2)

248 1570 296 1637 Ac
313 1565 396 1638 vide
410 1581 589 1663 quantum
605 1590 643 1637 se
656 1566 865 1639 disseminet
879 1565 973 1638 mala
987 1590 1153 1639 errorum
1168 1592 1251 1665 pro-

200 1714 293 1786 pago
308 1691 338 1760 si
352 1690 463 1761 semel
477 1690 649 1777 emiseris,
664 1714 775 1786 quam
786 1690 858 1762 late
872 1705 1004 1788 serpat,
1021 1716 1133 1788 quam
1146 1691 1250 1768 senile

199 1814 257 1887 vel
284 1815 421 1912 optima
450 1829 569 1913 atque.
585 1813 881 1887 excellentissima
908 1815 1051 1910 ingenia
1080 1831 1247 1914 occupet.

201 1945 337 2035 Nempe
367 1964 452 2010 cum
483 1937 648 2035 profiteri
680 1937 833 2009 audeam
863 1938 1047 2013 neminem
1077 1964 1154 2015 esse
1186 1938 1251 2037 qui

200 2061 358 2134 Bolaeum
376 2078 542 2134 nostrum
561 2060 705 2158 majori,
733 2086 844 2160 quam
864 2087 936 2160 qua
956 2077 1112 2190 egomet,
1134 2064 1248 2139 admi-

184 2187 340 2262 ratione
361 2201 397 2258 et
418 2186 522 2258 cultu
542 2203 798 2286 prosequatur,
826 2211 869 2258 ea
893 2200 1014 2271 tamen
1038 2202 1092 2259 est
1111 2187 1252 2268 critices

200 2326 332 2382 natura
346 2327 456 2408 atque
471 2310 610 2382 indoles
623 2324 665 2382 ut
679 2311 839 2408 neglecta
854 2311 1071 2385 auctoritate
1084 2336 1143 2391 res
1155 2312 1251 2409 ipsas

200 2435 393 2533 expendat,
414 2460 457 2507 ae
476 2459 556 2532 quac
574 2434 704 2508 viderit
722 2435 898 2508 enuntiet.
924 2440 963 2509 In
983 2460 1058 2532 quo
1075 2437 1252 2519 nonsatis

201 2560 373 2631 admirari
388 2585 536 2658 possum
551 2559 665 2657 quod,
688 2574 729 2630 ut
741 2559 817 2655 jam
833 2559 920 2653 dixi,
939 2559 1069 2637 divinis
1085 2559 1155 2634 illis
1170 2559 1249 2633 Vir·

173 2687 176 2691 ’
200 2684 274 2779 gilii
286 2685 469 2779 Georgicis
480 2684 622 2755 nullum
634 2685 672 2755 in
683 2687 768 2755 Arte
781 2707 845 2755 sua
857 2684 980 2756 locum
993 2683 1251 2772 fecerit.Quod

200 2832 435 2906 nequaquam
447 2808 681 2903 intelligerem
693 2807 761 2884 nisi
774 2833 843 2905 pro
854 2823 956 2881 certo
964 2806 1137 2884 haberem
1153 2806 1251 2907 apud

201 2946 342 3003 tantum
359 2933 477 3004 virum
492 2931 619 3003 salsam
633 2957 725 3020 earn,
744 2957 855 3030 quarn
868 2956 966 3004 nunc
980 2932 1248 3030 impugnamus,

201 3056 411 3154 opinionem
438 3056 520 3154 plus
544 3081 650 3154 aequo
677 3056 843 3130 valuisse.
874 3060 1094 3152 Quanquam
1115 3057 1192 3155 ipse
1213 3057 1249 3127 in

201 3179 273 3268 alio
299 3204 409 3279 opere
428 3205 502 3252 non
524 3180 641 3251 multo
661 3194 745 3285 post
763 3178 1054 3278 praestantissima
1076 3203 1118 3250 ea
1140 3193 1250 3283 atque

201 3301 394 3374 clarissima
414 3304 514 3388 velut
538 3303 686 3387 oracula
709 3303 840 3393 edidit¹
865 3301 1000 3387 scilicet
1024 3331 1041 3366 α
1063 3299 1155 3382 nihil
1175 3326 1251 3374 esse

88 3520 91 3528 ,
201 3425 397 3524 pulchrum
417 3443 479 3499 aut
499 3427 702 3523 jucundum
725 3427 826 3524 quod
847 3451 921 3498 non
940 3441 977 3498 et
997 3451 1123 3498 verum
1143 3426 1207 3515 sit,
1231 3457 1248 3493 »

242 3627 280 3710 (1)
308 3630 401 3689 «Non
410 3627 550 3690 debbano
563 3645 663 3690 essere
676 3626 787 3688 stimati
797 3626 889 3688 hever
900 3625 979 3688 fatto
990 3625 1079 3701 hene,
1093 3624 1253 3706 eperdano

201 3725 230 3786 11
254 3725 352 3804 gloria
373 3726 409 3787 e’i
427 3743 519 3788 nome
538 3726 571 3787 di
594 3731 696 3807 poeta,
723 3723 861 3787 havendo
886 3723 993 3786 fallato
1014 3724 1045 3786 in
1065 3723 1207 3803 eleggere
1232 3722 1253 3784 il

177 3818 180 3820 ’
200 3830 348 3903 soggetto.
365 3819 1252 3905 ...11111110111111111111111111111111.»Ρ.18,19.

242 3925 285 4000 (2)
310 3922 377 3983 «Fa
388 3921 571 4002 (Aristotele)
589 3920 620 3985 in
636 3926 744 4001 questa
758 3918 967 4000 propositione
981 3917 1092 3997 spetiei
1105 3918 1254 3990 memoria

201 4017 282 4080 della
300 4017 399 4080 savoia
413 4025 458 4080 tra
476 4023 555 4079 tutte
576 4017 605 4079 le
616 4017 696 4096 parti
715 4016 745 4078 di
766 4015 882 4096 qualite
899 4015 929 4077 di
954 4016 1059 4096 poesia
1062 4058 1114 4078 .....
1137 4014 1252 4098 perche

201 4118 292 4176 entra
307 4112 337 4175 in
352 4118 429 4176 tutte
448 4113 478 4177 le
492 4114 607 4195 poesie,
624 4115 652 4176 le
667 4113 749 4195 quali
764 4132 854 4184 senze
870 4113 910 4180 lei
923 4131 985 4176 non
1000 4130 1133 4194 posspno
1144 4112 1253 4183 havere

201 4206 337 4283 l'essere,
352 4207 391 4270 ed
403 4210 421 4270 e
435 4209 465 4271 11
481 4208 665 4289 principale,
677 4229 694 4271 e
704 4226 795 4278 come
810 4212 915 4272 anima
924 4210 1006 4281 delle
1015 4213 1160 4288 poetic.»
1178 4210 1210 4282 P,
1220 4211 1250 4270 9.
