2902 5016
198 437 231 486 so
306 399 312 411 ’
497 436 538 487 nn
554 431 769 487 runosormu
787 431 941 484 romans

199 556 329 646 cimur,
345 580 425 652 quae
444 581 512 629 nos
533 555 639 627 docet
659 569 837 652 quatenus
857 569 893 627 et
915 550 1047 650 quibus
1063 545 1243 620 conditio-

199 679 307 752 nibus
325 680 513 753 mendacia
529 680 565 751 in
588 678 808 751 carminibus
824 677 967 750 admitti
985 673 1155 765 debeant,
1173 671 1245 743 sci-

200 805 284 876 licet
312 820 354 877 ut
384 805 516 877 veritas
547 803 781 902 splendidiori
808 804 889 875 luce
908 803 1110 873 illustretur
1134 811 1246 894 atque

199 928 451 1026 illuminetur(
475 931 502 1026 ).

247 1060 297 1126 Ex
309 1054 367 1126 his
380 1052 563 1140 omnibus,
578 1052 647 1124 nisi
656 1077 714 1124 me
727 1052 816 1124 fallit
828 1076 909 1124 mea
921 1074 1035 1141 mens,
1049 1042 1247 1148 praestandi

199 1180 300 1277 quod
310 1181 546 1278 promiseram
556 1179 661 1277 copia
672 1191 735 1265 est,
748 1191 784 1249 et
793 1175 1038 1276 philosophici
1051 1173 1244 1273 poematis,

96 1376 99 1383 .
200 1304 301 1403 quod
314 1305 361 1377 ad
375 1319 630 1402 argumentum
645 1305 787 1395 attinet,
803 1284 919 1375 artem
933 1326 974 1373 ac
987 1300 1167 1372 rationem
1176 1296 1247 1368 cir·

200 1427 456 1501 cumscribere.
487 1433 577 1501 Nam
603 1427 733 1526 siquis
755 1427 883 1500 eodem
907 1427 1050 1524 ingenio
1071 1422 1248 1522 praeditus

199 1552 245 1624 sit
259 1577 333 1650 quo
355 1551 542 1625 Lucretius
568 1551 637 1623 tuit
657 1550 756 1648 (nam
777 1553 853 1623 sine
872 1552 1015 1648 ingenio
1035 1549 1117 1647 quis
1134 1560 1246 1647 poeta

199 1702 275 1749 esse
294 1676 444 1776 possiti)
465 1691 501 1749 et
520 1676 576 1748 ad¹
588 1676 859 1776 philosophiam
882 1671 1044 1748 versibus
1058 1671 1245 1776 celebran-

198 1801 283 1873 dam
300 1826 338 1872 se
351 1802 524 1897 accingat,
547 1826 622 1872 non
641 1825 721 1872 eam
736 1827 817 1898 quae
835 1826 879 1873 ex
891 1801 994 1873 vanis
1014 1815 1050 1872 et
1068 1797 1246 1870 contortis

201 1925 416 1997 commentis
432 1941 590 2017 constet,
608 1926 671 1998 sed
690 1951 771 2023 quae
789 1926 903 2018 clara,
928 1951 1025 2016 vera,
1048 1922 1241 2022 simplicia,

199 2047 245 2120 de
258 2053 349 2140 Deo,
366 2048 412 2149 de
424 2048 586 2140 homine,
607 2049 652 2121 de
669 2051 808 2122 mundo
822 2075 891 2122 nos
907 2050 1049 2143 doceat,
1068 2073 1191 2120 nonne
1208 2061 1246 2118 et

199 2174 286 2245 vitia
299 2174 414 2246 nostri
429 2173 571 2268 vitabit,
595 2189 631 2246 et
650 2173 830 2271 quidquid
845 2173 934 2246 boni
955 2201 997 2247 ac
1018 2173 1162 2272 pulchri
1176 2172 1245 2242 ha·

201 2296 282 2370 buit
298 2300 377 2397 ipse.
392 2299 544 2371 efficiet?
566 2300 668 2371 Prior
683 2300 792 2395 igitur
806 2300 929 2396 regula
941 2300 986 2370 sit
997 2314 1039 2371 ut
1051 2322 1244 2397 argumen-

201 2437 281 2495 tum
307 2422 438 2519 deligat
460 2424 504 2514 is,
531 2423 695 2520 quisquis
718 2420 840 2512 fuerit,
866 2424 930 2521 qui
952 2423 1048 2496 hanc
1067 2424 1246 2520 egregiam

197 2550 344 2623 laudem
378 2550 528 2649 adipisci
557 2536 675 2641 volet,
712 2549 812 2647 quod
845 2543 921 2622 non
953 2551 991 2622 in
1023 2549 1246 2623 obscuritate

198 2700 338 2765 rerum,
355 2675 393 2746 in
416 2687 493 2747 arte
515 2673 701 2746 recondita
719 2699 761 2745 ac
777 2674 967 2772 multiplici
986 2690 1161 2764 versetur,
1183 2671 1246 2745 sed

198 2826 220 2873 a
236 2801 423 2873 communi
440 2824 564 2871 sensus
577 2799 839 2871 consuetudine
857 2801 1005 2875 minime
1027 2799 1223 2872 abhorreat
1232 2825 1243 2892 3

198 2926 391 3026 posterior,
411 2939 454 2996 ut
472 2922 665 2996 subtilibus
676 2925 713 2995 in
731 2925 945 2996 ratiunculis
958 2951 1033 2997 non
1046 2925 1245 3012 delitescat,

166 3106 168 3112 Α
198 3050 260 3122 sed
281 3076 324 3124 ex
346 3049 434 3140 alto,
463 3064 506 3121 ut
530 3051 580 3121 ita
607 3048 737 3138 dicam,
763 3049 820 3121 re's
842 3050 1129 3150 contempletur3
1159 3077 1245 3123 nam

199 3175 321 3246 volare
340 3173 456 3247 debet
467 3188 586 3272 poeta,
604 3197 679 3244 non
697 3197 762 3270 per
781 3172 938 3245 humum
955 3199 1095 3274 repere.

247 3305 345 3388 Quas
367 3299 507 3395 regulas
531 3297 633 3368 facile
659 3312 750 3369 esset
773 3297 964 3370 ostendere
985 3325 1060 3371 non
1081 3299 1245 3398 philoso-

199 3422 309 3522 phico
320 3437 464 3494 tantum
477 3422 641 3511 carmini,
656 3421 718 3493 sed
733 3422 801 3493 toti
814 3422 1114 3496 didascalicorum
1125 3426 1247 3521 generi

200 3559 303 3643 aptas
325 3569 401 3617 esse
422 3569 465 3617 ac
489 3544 763 3634 convenientes,
793 3544 862 3615 nisi
882 3543 993 3641 hujus
1019 3563 1245 3620 commenta-

199 3669 308 3740 tionis
318 3671 493 3742 terminos
505 3669 612 3740 latius
621 3692 819 3767 propagare
831 3669 979 3742 nollem.
992 3677 1113 3743 Unum
1122 3688 1245 3746 tamen

200 3793 350 3883 addam,
377 3818 419 3866 ea
444 3793 521 3866 sola
543 3794 681 3890 generis
703 3791 799 3863 illius
821 3809 989 3890 poemata
1010 3821 1094 3868 vere
1121 3799 1243 3893 cogni-

200 3919 299 3991 tione
322 3918 429 4017 digna
451 3943 528 4010 esse
544 3942 626 4016 quae
644 3915 885 4015 philosophiae
907 3919 1044 4018 aliquid
1063 3922 1101 3992 in
1122 3947 1160 3994 se
1178 3922 1246 3995 ha-

244 4194 284 4278 (t)
303 4197 382 4260 Vide
394 4215 501 4262 versus
513 4196 621 4260 citatos
635 4213 705 4277 pag.
716 4199 766 4258 at.
