2902 5016
295 469 326 516 36
547 428 554 443 ⁰
593 465 634 515 DE
650 463 868 516 PHILOSOPHlCl
885 464 1040 515 rotulus

297 585 375 680 ejus
385 609 525 656 errores
535 584 708 657 refutaret
717 585 871 681 (utinam
882 585 919 656 id
928 585 1065 681 gallice,
1078 599 1114 655 et
1123 584 1165 654 iis
1176 579 1346 655 versibus

295 734 388 807 quos
402 734 530 782 omnes
542 709 659 807 legere
677 724 712 781 et
726 709 1060 809 possintetvelint),
1077 733 1158 780 eam
1170 721 1345 779 naturam

294 834 552 931 intelligentem
572 849 608 906 et
632 833 768 906 bonam
793 849 829 906 et
851 849 1037 933 potentem
1058 859 1146 906 vero
1166 833 1343 921 nomine,

293 959 427 1031 scilicet
445 965 577 1052 Deum,
600 959 771 1059 appellat.
794 966 911 1048 Quem
934 960 1055 1031 locum
1075 974 1115 1030 ut
1137 956 1236 1057 apud
1259 981 1345 1027 nos·

292 1098 403 1155 trates
422 1086 542 1156 minus
552 1100 695 1176 notum,
708 1085 958 1181 dignissimum
971 1100 1094 1156 autem
1105 1085 1170 1181 qui
1185 1081 1342 1178 legatur,

292 1206 351 1280 hic
370 1208 501 1281 afferre
521 1209 612 1280 mihi
633 1210 739 1309 liceat
761 1235 912 1309 precor:

611 1383 721 1442 Credin’
732 1385 865 1443 miracula
878 1393 953 1444 tanta

399 1472 489 1529 Moliri
502 1477 650 1533 naturam?
662 1473 725 1531 hnic
738 1489 786 1546 par
799 1474 852 1532 erit
862 1475 907 1530 illa
920 1473 1029 1532 labori?

398 1560 453 1619 Sed
462 1570 561 1619 natura
576 1562 713 1635 quidest?
727 1571 776 1619 aut
790 1563 836 1621 iilo
849 1564 964 1621 nomine
980 1563 1097 1637 primam

397 1651 506 1707 Rerum
518 1661 678 1708 (iunctarum
691 1668 813 1722 calisam,
828 1668 986 1726 numenque
997 1666 1158 1724 supremum

399 1738 511 1813 Singula
526 1740 697 1813 prospiciens
708 1740 848 1814 intelligis,
864 1749 893 1798 et
906 1743 980 1798 Deus
993 1740 1039 1797 hic
1053 1748 1112 1810 est3

397 1831 455 1884 Aut
466 1827 506 1885 sic
519 1827 639 1901 appellas
650 1837 746 1885 natam
760 1829 860 1886 servire
875 1829 987 1904 patique

399 1917 554 1988 Materiam,
569 1917 651 1975 certis
665 1926 806 1990 parentem
819 1918 935 1991 legibus,
949 1919 1046 1975 orbam

399 2011 492 2065 Mente
506 2016 535 2064 et
547 2007 674 2078 consilio,
685 2008 711 2063 vi
726 2007 806 2065 bruta
819 2015 901 2082 atque
915 2008 1017 2081 impete
1030 2006 1138 2080 pulsam
1151 2008 1199 2076 (Ι).

342 2179 439 2267 Quin
452 2179 562 2253 etiam
571 2181 704 2251 omissa
720 2204 761 2250 ea
779 2178 976 2278 voluptatis
994 2203 1203 2276 curaquam
1218 2177 1346 2275 Epicu·

295 2329 356 2375 rus
373 2319 414 2375 ut
433 2304 589 2402 primam
599 2304 682 2375 vitae
695 2305 857 2401 regulam
870 2301 1113 2402 praecipiebat,
1128 2317 1207 2374 toto
1221 2301 1345 2372 auimo

177 2466 180 2472 ·
295 2429 332 2500 in
352 2428 599 2500 humanarum
621 2429 849 2499 miseriarum
872 2428 1179 2525 contemplatione
1205 2425 1346 2498 defixus

294 2553 419 2624 haeret.
432 2559 512 2625 Non
522 2579 639 2642 suam,
652 2553 715 2624 sed
724 2553 888 2625 omnium
896 2552 1088 2623 hominum
1096 2550 1345 2624 conditionem

295 2677 529 2777 lamentatur,
549 2703 642 2775 quos
657 2679 794 2777 primus
808 2679 976 2749 mortales
993 2704 1105 2777 aegros
1125 2674 1341 2777 appellavit,

295 2801 345 2871 ita
355 2817 397 2872 ut
409 2802 501 2873 tanti
517 2801 706 2874 infortunii
720 2803 903 2898 cogitati0,
915 2803 1065 2875 exitialis
1076 2802 1206 2874 veneni
1219 2801 1345 2889 instar,

296 2950 422 2996 omnes
439 2929 521 2998 vitae
540 2926 687 2999 delicias
707 2953 941 3026 corrumpere
963 2927 1141 2998 videatur.
1163 2931 1243 3014 Qua
1265 2951 1345 3022 gra-

296 3050 406 3122 vitate
424 3049 622 3122 verborum
639 3050 735 3123 hanc
753 3052 934 3123 tristitiam
947 3051 1109 3151 depingit
1132 3077 1204 3148 qua
1219 3050 1276 3122 vel
1290 3050 1344 3121 fe·
1446 3096 1450 3103 ·

295 3175 485 3246 licissimus
503 3177 657 3247 amorio
672 3176 919 3272 ipsrsfloribus
936 3181 1079 3275 angitur
1092 3175 1162 3274 (2)l
1186 3181 1258 3248 Nec
1275 3175 1344 3246 mi-

297 3324 381 3371 rum
401 3301 430 3371 si
449 3299 670 3371 maestissima
693 3300 755 3372 illa
779 3301 1013 3374 meditatione
1039 3300 1254 3398 defatigatus
1284 3299 1349 3371 teu·

296 3450 457 3495 securam
472 3428 624 3522 quietem
638 3424 690 3523 (3)
704 3425 897 3522 quaesierit,
917 3441 959 3497 ut
975 3441 1030 3497 tot
1051 3427 1155 3498 stoici
1169 3427 1247 3497 viri
1262 3424 1348 3496 boni

297 3553 545 3646 etsupientes;
568 3574 651 3620 narn
678 3551 734 3644 iis,
759 3565 802 3621 ut
823 3551 872 3621 ait
895 3551 1042 3622 Flaccus
1066 3580 1084 3616 c<
1105 3555 1202 3623 Mors
1218 3549 1347 3622 ultima

297 3673 397 3750 linea
410 3698 533 3745 rerum
548 3689 602 3745 est
621 3673 687 3772 (lt)
705 3705 722 3741 t)

343 3940 382 4025 (Ι)
407 3941 595 4018 Anti-Lucu,
608 3943 663 4016 ut,
679 3945 729 4003 29.

343 4043 385 4121 (Ι)
405 4043 539 4116 Lucret,
552 4041 601 4115 ΙΙΙ,
619 4042 697 4101 1134
712 4037 870 4117 (Lachm.).

345 4140 386 4219 (3)
407 4141 539 4215 lucret,
555 4139 610 4210 ΙΙΙ,
626 4141 700 4214 ou,
716 4139 776 4200 939
791 4137 946 4216 (Lachml

266 4289 270 4301 .
342 4236 383 4317 (l)
405 4239 519 4311 Horat,
537 4239 609 4317 Ep„
625 4239 665 4312 ll,
682 4239 731 4311 to,
749 4240 825 4297 eutr.
