2902 5016
402 461 593 513 conurrrorta
609 463 692 514 aruo
709 462 898 518 Lucamlun.
1140 467 1169 515 ra

122 581 334 652 Aristoteles
344 582 472 654 dixerit
494 583 707 682 pythagorei
734 585 903 682 Cercopis
930 608 1005 656 esse
1033 583 1105 681 (l),
1133 598 1170 654 et

121 704 191 802 ipsi
211 704 443 779 nobilissimae
461 723 565 780 sectae
581 710 667 781 duci
685 734 726 780 ac
742 711 911 805 magistro
931 733 1056 781 versus
1076 733 1169 806 saepe
1293 720 1297 728 '

122 828 295 928 adscripti
316 832 408 925 sint,
441 833 479 905 in
507 835 550 906 iis
569 849 713 933 tempus
738 849 866 906 teram.
900 840 972 907 Nec
993 833 1106 930 magis
1124 832 1169 904 de

121 955 280 1028 Hesiodo
298 956 494 1048 disseram,
529 985 739 1057 quanquam
763 960 857 1031 inter
884 959 1124 1059 philosophos
1149 983 1170 1029 a

121 1079 317 1153 Plutarcho
354 1083 590 1173 numeretur,
625 1084 813 1182 multaque
841 1086 1022 1184 sapienter
1059 1099 1169 1183 atque

121 1204 259 1278 utiliter
275 1207 459 1307 praecipiat
469 1233 551 1306 quae
563 1210 709 1281 moralis
720 1234 804 1307 pars
816 1209 1056 1309 philosophiae
1067 1209 1169 1281 nullo

119 1345 229 1428 pacto
242 1330 403 1406 abnuere
417 1334 515 1405 velit.
553 1340 644 1407 Nam
663 1360 779 1433 quum
799 1333 1030 1434 philosophia
1048 1335 1085 1406 in
1112 1334 1168 1407 di-

119 1453 289 1528 vinarum
313 1457 633 1558 humanarumque
659 1485 783 1532 rerum
817 1461 1020 1557 cognitione
1048 1484 1168 1533 versc-

120 1594 195 1672 tur,
219 1582 523 1683 quidquidpoeta
538 1587 656 1684 quivis
671 1611 735 1658 seu
754 1585 885 1659 dedeo
912 1586 1001 1682 (non
1022 1584 1165 1674 fabulis,

119 1704 184 1777 sed
207 1707 348 1780 ratione
367 1711 563 1805 magistra),
586 1736 650 1782 seu
667 1710 713 1783 de
735 1709 930 1783 hominum
952 1725 1101 1799 natura,
1122 1709 1169 1781 de

118 1830 209 1924 fato,
230 1832 277 1905 de
295 1834 472 1927 moribus,
497 1835 543 1907 de
556 1835 753 1908 virtutibus
771 1861 813 1907 ac
829 1835 938 1928 vitiis,
958 1861 1087 1907 verum
1106 1849 1169 1906 aut

118 1956 252 2031 falsum
265 1961 301 2032 in
315 1960 536 2034 carminibus
551 1963 702 2061 profert,
719 1962 754 2034 id
779 1962 847 2034 sibi
865 1988 908 2036 ca
922 1960 990 2034 suo
1009 1962 1091 2058 jure
1110 1986 1168 2033 re-

117 2084 292 2180 poscitac
306 2086 465 2159 vindicat
484 2113 604 2160 suum.
626 2088 839 2184 Cujusmodi
861 2087 977 2158 multa
1000 2086 1167 2159 videmus

118 2208 177 2281 vel
190 2210 227 2281 in
243 2211 432 2284 comoediis
445 2227 481 2284 et
499 2214 701 2310 tragoediis,
719 2228 760 2284 ut
777 2238 820 2284 ea
835 2213 988 2283 Enniani
1004 2212 1168 2285 Telamo-

118 2332 175 2405 nis
192 2332 327 2432 quibus
346 2337 518 2437 populus,
539 2353 630 2410 teste
648 2337 764 2410 Tullio
782 2337 858 2436 (2),
884 2361 1013 2434 magno
1038 2336 1169 2433 plausu

123 2458 408 2552 assentiebatur,

224 2659 282 2733 Ego
293 2657 380 2716 deum
391 2674 478 2734 genus
491 2673 550 2716 esse
564 2674 676 2732 semper
688 2657 745 2715 dixi
760 2665 789 2715 et
800 2656 891 2715 dicam
902 2656 1035 2723 caelitum,

223 2747 279 2806 Sed
291 2764 339 2807 eos
350 2764 408 2806 non
422 2763 519 2806 curare
531 2748 630 2821 opinor
641 2747 709 2820 quid
723 2754 787 2822 agat
800 2745 946 2804 hominum
960 2761 1062 2820 genus,

119 2921 158 2996 in
177 2925 312 3023 quibus
330 2927 538 2998 Lucretium
564 2927 685 3025 ipsum
716 2924 842 2997 audire
871 2938 907 2995 te
929 2922 1074 3014 credas,
1099 2919 1169 2994 nisi

121 3051 227 3123 metri
244 3052 431 3124 interesset
451 3051 705 3151 discrepantia.
724 3049 795 3121 Sed
814 3048 860 3120 de
871 3047 930 3121 his
942 3046 1131 3120 hactenus.
1154 3024 1157 3029 ¹

168 3182 261 3250 Sunt
274 3191 397 3249 autern
409 3177 469 3248 alii
481 3177 580 3274 apud
592 3178 748 3266 Graecos,
771 3189 813 3245 ut
822 3173 909 3264 dixi,
929 3187 1059 3271 poetae,
1075 3197 1169 3269 quos

119 3302 443 3400 praetermitterelet
460 3303 613 3374 transire
626 3300 727 3373 nefas
742 3301 800 3391 sit,
820 3300 956 3397 quippe
974 3297 1038 3395 qui
1053 3311 1168 3369 artem

121 3426 363 3526 philosophici
380 3423 559 3526 poematis
585 3425 849 3514 inchoaverint,
871 3446 983 3521 seque
1000 3422 1167 3494 Lucretio

118 3550 338 3651 praebuerint
362 3551 571 3642 imitandos,
590 3549 844 3649 Xenophanes,
865 3563 902 3619 et
923 3546 1165 3640 Parmenides,

120 3691 156 3748 et
177 3676 427 3776 Empedocles,
452 3701 612 3774 quorum
638 3675 763 3747 aceisae
786 3673 949 3770 reliquiae
974 3671 1095 3742 adhuc
1115 3669 1167 3741 le·

119 3817 266 3897 guntur.
286 3807 414 3875 Poetas
433 3801 531 3893 dico,
556 3825 651 3899 quos
674 3799 804 3872 melius
825 3812 918 3870 esset
929 3794 1169 3895 philosophos

161 4062 200 4140 (l)
221 4043 283 4123 Cic.
307 4060 344 4122 de
363 4061 434 4122 Nat.
451 4059 544 4120 Deor.
565 4059 588 4136 1,
605 4059 654 4120 38.
678 4054 770 4118 cont.
795 4008 891 4118 01θωῖ
911 4053 996 4120 ΑΙθιιἡ
1014 4054 1128 4117 strom.
1144 4055 1169 4130 Ι,

119 4177 152 4238 p.
168 4159 225 4220 397
239 4157 299 4239 (ed.
314 4155 424 4238 Oxou.)
437 4173 447 4235 3
465 4154 551 4218 Suid.
566 4154 600 4216 in
614 4154 749 4236 Ὀρφεύς..

158 4257 200 4333 (9)
213 4254 275 4317 Cic.
293 4256 330 4316 de
343 4255 448 4316 Dicin.
462 4254 497 4330 ΙΙ,
517 4255 568 4314 50.
