2902 5016
486 411 673 466 countxtoutt
691 411 773 462 APUD
789 409 978 464 nocuerunt.
1220 414 1252 462 ta

207 532 362 631 plurima
383 532 478 604 mala
495 534 627 628 gignat,
652 531 697 603 de
717 557 759 602 ea
779 531 892 602 fusius
911 520 1140 602 tractandum
1160 546 1249 602 erat.

207 663 284 728 lam
298 659 394 730 notis
408 656 572 756 partibus
591 655 730 744 mundi,
741 655 787 727 ad
798 680 978 727 summam
991 657 1118 727 transit
1131 671 1251 755 poeta,

207 796 243 853 et
263 806 304 854 ea
330 807 452 854 rerum
482 782 695 853 universitas
728 779 916 878 quomodo
942 797 1023 853 orta
1051 784 1097 852 sit
1129 782 1250 868 docet,

207 907 395 1004 quomodo
422 906 628 995 interitura,
656 929 731 975 non
753 920 928 977 aeternum
950 931 1026 978 csse
1056 906 1248 994 mundum,

205 1033 324 1130 primo
343 1031 477 1104 coelum
503 1055 544 1101 ac
570 1045 715 1120 terram,
741 1029 823 1100 dein
847 1030 1016 1102 animalia
1034 1031 1249 1122 informata3

207 1181 314 1227 suum
325 1171 447 1228 ortum
457 1153 625 1226 hahuisse
635 1154 835 1225 humanam
848 1154 960 1226 vitam
972 1180 1013 1226 ac
1027 1156 1248 1246 societatem,

205 1281 455 1380 paulatimque
475 1282 629 1352 inventis
646 1277 785 1351 artibus
801 1278 847 1352 ad
864 1305 949 1353 eum
967 1306 1077 1379 quem
1095 1280 1252 1353 vidimus

207 1420 342 1477 statum
356 1407 574 1504 pervenisse.
591 1410 777 1476 Postremo
792 1429 909 1502 quum
924 1405 966 1474 iis
978 1397 1145 1476 homines
1156 1430 1250 1504 prae·

205 1531 312 1628 cipue
325 1543 529 1602 terreantur
543 1529 671 1625 quaein
684 1527 778 1600 coelo
791 1527 896 1616 liunt,
910 1543 1142 1626 tempestates
1152 1528 1248 1619 dico,

205 1678 253 1726 ac·
270 1653 424 1750 fulgura,
447 1653 589 1752 aliaque
611 1667 770 1724 meteora
797 1677 957 1749 quorum
989 1653 1079 1725 ratio
1106 1679 1181 1725 non
1213 1654 1250 1725 in

204 1792 380 1876 promptu
399 1791 466 1866 est,
501 1776 562 1848 illa
591 1776 738 1874 exponit
770 1776 1011 1874 explicatque,
1043 1777 1101 1849 vel
1123 1777 1251 1849 saltem

204 1904 382 2003 explicare
404 1917 536 1994 tentat3
565 1904 659 1975 inter
681 1928 761 2000 quae
781 1900 983 2001 pestilentia
1008 1903 1152 1975 nullum
1175 1929 1251 1977 esse

204 2028 318 2101 dirius
360 2028 499 2100 malum
534 2026 770 2101 celeberrimo
808 2028 972 2127 exemplo
1009 2029 1247 2102 demonstrat.

204 2160 338 2226 Earum
368 2179 497 2244 rerum
530 2153 842 2225 continuationem
876 2177 918 2223 ac
952 2153 1251 2249 consequentiam

205 2281 286 2379 quis
299 2303 374 2350 non
391 2277 536 2351 videat?
556 2283 595 2348 ln
618 2275 754 2374 quibus
772 2291 893 2351 tamen
918 2276 1039 2348 nescio
1054 2301 1100 2347 an
1122 2276 1251 2349 melius

161 2405 162 2409 ’
205 2403 330 2476 suisset
350 2429 433 2502 quae
454 2404 584 2501 quinto
608 2400 703 2473 libro
732 2402 966 2473 continentur
991 2426 1052 2473 eas
1075 2401 1250 2474 adfinem

203 2529 390 2618 reservari,
405 2527 542 2625 quippe
561 2551 641 2623 quae
655 2540 692 2597 et
712 2525 877 2596 maximae
902 2526 974 2596 sint
995 2539 1031 2596 et
1046 2524 1250 2621 cognitione

204 2675 245 2723 ac
271 2650 577 2749 contemplatione
608 2650 702 2720 inter
743 2674 871 2721 omnes
900 2647 1128 2745 dignissimae.
1153 2649 1250 2737 Quid

203 2777 300 2847 enim
318 2775 436 2870 majus
461 2774 625 2865 homine,
649 2787 686 2845 et
706 2772 906 2870 praesertim
932 2772 1086 2845 humani
1111 2774 1250 2869 generis
1343 2824 1345 2831 ,

201 2899 399 2971 societate?
1202 2887 1205 2891 ’

251 3023 308 3094 Sic
320 3022 488 3120 Virgilius
502 3047 588 3093 cum
599 3021 645 3093 de
657 3046 697 3093 re
711 3021 845 3093 rustica
860 3035 1016 3093 tractare
1030 3022 1246 3112 institueret,
1267 3071 1272 3077 -

202 3148 251 3218 ita
267 3148 457 3218 materiem
472 3144 594 3219 divisit
609 3161 651 3218 ut
667 3170 710 3218 ex
725 3146 893 3217 inanimis
908 3145 954 3218 ad
965 3145 1123 3218 animata
1132 3161 1249 3219 trans-

202 3269 284 3359 iret,
307 3295 328 3342 a
355 3271 467 3345 mutis
483 3285 520 3343 et
534 3295 642 3343 sensu
654 3268 861 3343 carentibus
870 3269 916 3341 ad
931 3295 974 3342 ea
989 3296 1070 3367 quae
1083 3271 1248 3369 cupiunt,

201 3409 337 3484 amant,
362 3393 507 3486 dolent3
523 3419 545 3466 a
560 3394 679 3466 brutis
689 3419 731 3466 ac
745 3397 885 3466 ratione
899 3418 1049 3490 prorsus
1068 3394 1249 3466 destitutis

200 3520 247 3591 ad
268 3543 310 3590 ea
337 3516 471 3615 quihus
499 3547 516 3582 α
543 3534 686 3616 partem
706 3518 836 3591 divinae
870 3518 1002 3591 mentis
1031 3534 1069 3591 et
1098 3518 1251 3591 haustus

200 3642 368 3714 aetherios
386 3674 402 3711 s
424 3644 540 3714 inesse
557 3642 700 3715 dixeris.
724 3648 860 3742 Nempe
877 3657 1073 3741 postquam
1090 3642 1136 3714 de
1151 3659 1248 3716 terra

201 3782 237 3839 et
256 3767 419 3838 aratione
438 3780 474 3837 et
502 3767 751 3838 instrumentis
775 3767 918 3838 rusticis
938 3766 1063 3839 docuit
1081 3793 1162 3865 quae
1181 3767 1248 3839 do·

202 3890 318 3962 cenda
327 3904 444 3981 erant,
454 3889 601 3962 arbores
612 3890 701 3982 adit,
716 3893 753 3962 in
766 3889 898 3988 quibus
907 3891 982 3988 jam
995 3892 1069 3964 vita
1079 3891 1246 3989 quaedam

200 4029 364 4114 apparet,
381 4016 444 4087 scd
458 4015 608 4087 confusa
621 4014 741 4087 adhuc
757 4041 799 4086 ac
814 4041 921 4115 sensu
934 4041 1078 4107 carens3
1098 4032 1186 4088 tunc
1200 4015 1245 4088 ad

198 4163 277 4210 rem
295 4139 503 4238 pecuariam
524 4139 742 4236 aggreditur,
765 4154 802 4212 et
819 4141 957 4233 ovium,
980 4156 1245 4236 armentorum,
