2902 5016
487 384 677 439 aonnmonr
694 387 777 440 aaut)
793 387 982 442 tucatrtun.
1223 386 1256 437 65

208 501 349 596 legunt3
378 529 445 577 nec
474 504 627 578 obscure
657 509 734 606 ipse
757 525 881 583 monet
907 524 1031 584 noster
1053 486 1147 581 texti
1172 504 1257 577 libri

209 626 310 698 mrtio
329 652 367 699 se

312 821 454 892 Suprema
470 824 628 898 praescripta
641 824 676 882 ad
688 825 805 884 eandida
818 825 900 884 caleis
914 830 963 896 (t),

208 996 342 1069 scilicet
362 998 408 1070 ad
429 1000 536 1072 stadii
559 1016 712 1095 metam,
742 1017 841 1076 creta
863 1028 927 1075 seu
951 1003 1049 1075 calce
1070 1014 1251 1088 notatam,

204 1121 278 1218 jam
292 1148 451 1196 currere.
464 1130 536 1197 Nec
545 1125 734 1225 probabile
748 1142 802 1199 est
814 1133 1009 1201 Varronem
1022 1141 1138 1226 poetae
1151 1139 1252 1196 tanto

203 1246 357 1342 junioris
384 1274 495 1346 quam
519 1251 595 1350 ipse
620 1267 698 1324 erat
723 1253 883 1324 carmina
905 1252 1061 1324 novisse.
1091 1250 1199 1338 Quod
1224 1250 1251 1320 si

207 1371 372 1468 quaedam
397 1375 541 1446 Servius
563 1390 605 1446 ut
628 1377 840 1450 Lucretiana
861 1376 966 1449 affert
989 1399 1070 1472 quae
1093 1398 1191 1450 nunc
1215 1373 1251 1444 in

205 1511 372 1593 poemate
386 1497 521 1571 frustra
534 1501 767 1599 requirimus,
783 1526 906 1573 nonne
918 1500 1064 1572 fallente
1076 1497 1253 1570 memoria

205 1645 324 1694 errare
349 1624 497 1720 potuit?
526 1625 596 1696 Sed
623 1640 660 1697 et
682 1624 897 1705 intercidere
921 1639 1120 1723 potuerunt
1146 1621 1252 1722 culpa

203 1744 436 1818 librariorum
452 1748 619 1820 nonnulli
636 1773 772 1840 versus,
795 1774 911 1846 quum
929 1772 1056 1820 omnes
1074 1748 1138 1843 qui
1155 1770 1252 1844 nunc

205 1885 344 1962 exstant
377 1873 530 1943 Lucretii
561 1874 796 1973 manuscripti
825 1874 968 1947 codices
998 1872 1094 1944 inter
1123 1869 1252 1942 doctos

203 1993 370 2067 homines
383 2011 524 2068 constet
538 2021 558 2069 e
571 1995 717 2072 duobus
731 1997 1066 2095 Lugduno·Batavis
1080 1992 1252 2093 exemplis

203 2133 304 2191 ortos
318 2144 412 2210 esse3
433 2119 653 2218 quadratum
667 2121 749 2193 dico
769 2136 805 2193 et
823 2119 1034 2218 oblongum,
1052 2135 1251 2218 utrumque

202 2268 245 2316 ex
263 2244 392 2316 eodem
410 2245 606 2317 vetustiore
625 2247 819 2344 exemplari
839 2246 1074 2344 descriptum.

249 2373 294 2439 At
311 2370 408 2440 enim
424 2371 610 2442 Lucretius
624 2394 709 2441 cum
725 2369 833 2443 docet
848 2370 937 2441 deos
952 2371 990 2440 in
1007 2369 1108 2458 nulla
1121 2369 1249 2454 mundi

200 2509 304 2593 parte
333 2494 559 2566 domicilium
587 2493 741 2587 habere,
776 2496 825 2568 sic
855 2496 1069 2568 sententiam
1100 2495 1249 2568 conclu-

201 2621 255 2692 dit
273 2618 325 2717 (2)
345 2646 354 2688 ι

306 2794 398 2863 Quare
409 2793 493 2851 etiarn
506 2793 586 2850 sedes
600 2798 710 2865 quoque
721 2791 823 2850 nostris
837 2791 948 2849 sedibus
959 2807 1018 2849 esse

308 2883 464 2940 Dissimiles
474 2881 584 2952 debent,
596 2889 706 2939 tenuest
719 2882 741 2938 si
756 2879 850 2954 corpu'
862 2880 977 2940 deorum
991 2885 1046 2951 (3);

307 2971 376 3040 Quae
388 2969 437 3027 tibi
451 2970 586 3042 posterius
599 2971 674 3042 largo
688 2983 815 3025 sermone
829 2967 970 3040 probab03

199 3131 404 3227 eujusmodi
420 3130 511 3201 nihil
527 3155 682 3228 usquam
696 3129 812 3201 simile
824 3127 1003 3201 habemus
1013 3158 1028 3219 ;ὁ
1039 3129 1138 3202 unde
1150 3130 1248 3214 eolli-

200 3273 288 3354 gunt
305 3257 372 3326 viri
391 3254 490 3327 docti
508 3280 588 3326 eam
605 3278 754 3351 quoque
773 3254 942 3325 carminis
958 3268 1098 3351 partem
1115 3253 1247 3349 injuria

200 3382 373 3480 temporis
389 3395 453 3450 aut
468 3379 661 3451 hominum
676 3380 835 3477 periisse.
858 3383 936 3448 Hoc
953 3377 1099 3450 infitiari
1116 3378 1242 3468 nolim,

200 3532 411 3608 quanquam
429 3531 509 3602 quae
525 3503 681 3602 probare
699 3503 940 3574 destinaverat
957 3502 1050 3574 forte
1068 3529 1142 3575 non
1159 3529 1245 3603 pro·

198 3635 312 3725 bavit,
328 3657 444 3730 quum
457 3645 574 3702 morte
587 3629 781 3701 immatura
794 3653 889 3727 opus
902 3629 1154 3726 imperfectum
1167 3629 1247 3703 reli-

240 3857 281 3936 (t)
302 3855 435 3925 Lucret,
448 3853 504 3929 vt,
520 3853 559 3912 92
576 3848 729 3929 (Lachmt

241 3954 283 4034 (t)
303 3955 433 4022 Lucret,
445 3951 481 4023 V,
496 3950 553 4010 {53
569 3965 651 4029 seqq.
667 3946 821 4026 (Lachml

241 4051 281 4133 (3)
304 4049 353 4112 Sic
370 4047 585 4110 Lachmannus
605 4043 800 4106 scribendum
820 4045 1003 4125 suspicatur.
1019 4044 1167 4125 Vulgares
1183 4047 1246 4117 adi·

200 4150 298 4214 tiones
312 4156 427 4218 tenues,
441 4144 478 4205 de
495 4161 618 4223 corpore
632 4159 745 4204 eornm.
762 4142 929 4207 Lambinus
949 4162 1003 4225 pro
1016 4161 1150 4224 corpore.
