2902 5016
199 421 227 470 16
494 418 535 467 DE
551 417 768 468 rnltosuenlcl
786 419 942 470 Pontinus

223 541 313 614 vSed
338 555 375 612 et
398 540 468 611 alia
493 541 530 611 in
551 541 773 613 Parmenidis
798 540 959 639 reliquiis
993 539 1137 612 invenio
1164 563 1245 638 quae

196 665 384 737 Lucretius
409 680 552 764 aperte,
577 668 615 737 ni
641 665 766 755 fallor,
794 666 956 738 imitatus
981 681 1056 756 est;
1085 690 1245 763 quorum

197 791 420 863 mentionem
436 817 551 888 quum
568 792 667 890 apud
688 793 871 865 neminem
888 792 1066 864 hactenns
1083 790 1242 881 videam,

197 917 322 1013 paucis
340 915 514 987 indicanti
529 917 633 988 venia
651 917 695 988 sit
710 943 811 1015 rogo.
833 923 923 990 Nam
944 942 1055 1015 quam
1077 916 1184 988 deam
1209 917 1245 988 in

197 1040 375 1136 poematis
393 1042 542 1114 exordio
562 1042 706 1114 invocat
724 1057 860 1134 noster,
881 1067 962 1114 eam
981 1040 1080 1141 apud
1100 1045 1246 1112 Parme·

198 1165 321 1238 nidem
336 1165 412 1262 jam
431 1166 615 1238 laudatam
636 1167 861 1240 inveniebat:

341 1343 388 1405 Ἐν
409 1307 436 1406 δὲ
451 1345 525 1427 μέσῳ
538 1344 637 1406 τούτων
651 1345 761 1426 deriput
780 1345 798 1420 ἢ
814 1345 902 1407 πάντα
914 1345 1029 1430 κυόερνᾷ
1048 1345 1106 1428 (1),

201 1515 299 1588 unde
319 1515 419 1614 ipse:

306 1685 375 1756 Quae
386 1682 517 1757 quoniam
528 1697 624 1741 rerum
636 1691 763 1742 naturam
777 1683 835 1742 sola
849 1683 984 1757 gubernas
998 1685 1054 1755 (2);

202 1853 243 1900 ac
270 1852 316 1900 ne
341 1826 550 1900 dubitemus
576 1853 743 1927 quaenam
768 1854 811 1901 ea
836 1828 882 1899 sit
906 1828 1154 1927 potentissima
1181 1827 1250 1900 dea

202 1969 330 2026 cavent
356 1979 481 2026 versus
506 1969 720 2051 sequentes:

363 2121 458 2201 Πάντῃ
472 2120 523 2205 γὰρ
537 2129 672 2204 στυγεροῖο
689 2121 766 2181 τόκου
780 2121 825 2182 κα)
840 2121 922 2202 μίξιος
933 2121 1004 2205 ἀρχὴ

360 2217 492 2298 πέμπουσ’
504 2219 593 2301 ἄρσενι
607 2220 674 2292 θῆλυ
687 2224 807 2300 μιγῆναι,
826 2219 930 2280 ἐναντία
946 2219 972 2279 τ’
988 2208 1059 2287 αὖθις

365 2315 444 2398 ἄρσεν
459 2315 592 2399 θηλυτέρῳ
607 2316 660 2398 (3).
701 2331 704 2336 “

204 2483 244 2551 ln
264 2479 397 2577 quibus
410 2481 491 2577 quis
508 2504 583 2552 uon
600 2493 769 2577 agnoscat
784 2483 975 2570 Venerem,
996 2503 1069 2578 qua
1084 2480 1161 2550 sine

487 2657 550 2714 Non
561 2655 707 2730 quicquam
721 2654 782 2713 dias
792 2655 823 2713 in
833 2654 947 2718 luminis
960 2670 1022 2713 oras

310 2745 441 2804 Exoritur
452 2747 491 2817 (4)
502 2745 514 2800 t

254 3021 334 3088 Jam
343 3011 436 3085 nihil
445 3012 676 3085 forteintoto
685 3013 842 3086 Lucretii
850 3028 1019 3112 poemate
1028 3012 1092 3086 illo
1102 3015 1255 3088 secundi

206 3138 290 3211 libri
314 3136 494 3237 prooemio
519 3137 642 3208 notius
666 3162 708 3208 ac
733 3135 937 3236 pulchrius,
965 3136 1029 3208 ubi
1054 3138 1254 3236 sapientem

208 3259 397 3337 ostendite
415 3260 508 3334 bene
525 3261 674 3333 munitis
689 3286 731 3332 ac
750 3261 884 3333 serenis
907 3262 1052 3359 templis
1071 3263 1144 3334 suis
1164 3264 1255 3334 alios

207 3386 375 3459 homines
388 3384 661 3484 despicientem,
680 3386 888 3483 passimque
904 3384 1088 3459 videntem

316 3566 425 3632 Errare,
436 3570 519 3636 atque
531 3561 605 3620 riam
617 3561 739 3635 palantes
752 3576 876 3636 quaerere
888 3562 952 3621 vitae
961 3562 1011 3633 (5).

249 3810 289 3894 (1)
310 3809 480 3874 Parmenid.
494 3830 545 3892 ap.
562 3810 709 3875 Mullach.
727 3812 797 3873 428.

252 3907 290 3989 (Ξ)
312 3912 404 3972 Lucr.
418 3911 442 3986 1,
455 3913 491 3972 at
509 3909 676 3992 (nacho).

253 4006 294 4088 (3)
317 3997 489 4070 Parmenid.
506 4027 555 4089 ap.
567 4006 713 4070 Mullach.
731 4010 790 4070 129
800 4023 888 4089 seqq.

251 4107 292 4185 (t)
313 4108 404 4169 Lucr.
418 4108 443 4182 Ι,
457 4110 496 4168 22
508 4103 673 4186 (Lachne).

255 4202 532 4283 &mmmm
