2902 5016
202 459 234 507 52
501 458 542 508 ltu
558 456 774 511 Pfltnosorutct
791 457 948 511 Ponttttls

248 1209 327 1276 lam
342 1203 388 1275 de
404 1203 521 1275 forma
536 1228 579 1275 ac
595 1202 830 1302 dispositione
845 1229 961 1303 pauca
977 1202 1130 1277 dicende
1147 1220 1246 1295 sunt,

199 1354 284 1400 cum
315 1328 415 1399 nulla
434 1328 480 1400 sit
502 1327 688 1400 dissensio.
706 1331 893 1401 Neminem
921 1329 1018 1401 enim
1045 1328 1137 1426 fugit
1161 1328 1250 1401 huic

199 1454 397 1550 praesertim
411 1453 531 1551 operis
550 1453 671 1548 generi
695 1468 836 1524 rectum
854 1478 978 1525 rerum
995 1452 1163 1525 ordinem
1185 1453 1249 1525 ad-

198 1575 399 1648 hibendum
420 1601 509 1666 esse,
529 1590 570 1647 ut
590 1601 671 1672 quae
685 1575 862 1648 docentur
880 1576 983 1648 facile
1000 1575 1147 1673 intelligi
1168 1600 1250 1674 pos·

199 1701 282 1772 sint.
311 1706 391 1773 Non
409 1702 518 1805 igitur¹
545 1700 592 1771 ad
621 1700 881 1800 philosophum
900 1715 1046 1801 poetam
1066 1701 1250 1800 pertinent

199 1850 280 1921 quae
299 1826 402 1923 epico
417 1825 587 1924 praecepit
606 1825 753 1896 Flaccus
771 1840 813 1897 ut
834 1854 852 1892 (ι
870 1801 910 1896 in
926 1805 1063 1897 medias
1081 1850 1151 1912 res,
1174 1850 1248 1896 non

199 1973 302 2019 secus
314 1974 355 2020 ac
365 1965 482 2036 notas,
495 1947 700 2020 auditorem
711 1950 828 2046 rapiat
844 1982 876 2040 s,
890 1949 953 2021 sed
966 1950 1071 2046 quasi
1084 1946 1250 2021 derebus

198 2075 329 2170 ignotis
346 2089 515 2164 tractare,
546 2088 583 2145 et
605 2072 651 2144 ad
676 2098 737 2146 eas
761 2075 902 2146 ratione
934 2098 976 2145 ac
1004 2073 1062 2146 via
1091 2074 1249 2170 legentes

199 2197 331 2270 ducere
345 2196 465 2290 debet,
481 2199 617 2295 quippe
630 2199 780 2295 quinon
796 2197 964 2270 modoad
976 2196 1244 2286 delectandum,

199 2321 262 2392 sed
281 2321 331 2393 ad
347 2320 555 2393 docendum
577 2320 723 2393 scribat.
749 2325 797 2395 Ac
823 2322 1027 2394 laudandus
1053 2321 1091 2392 in
1120 2321 1248 2419 primis

198 2445 386 2517 Lucretius
403 2445 505 2543 quod
521 2471 667 2518 carmen
686 2460 786 2517 tanta
805 2462 882 2519 arte
899 2446 1021 2518 divisit
1034 2459 1077 2517 ut
1093 2470 1151 2517 res
1170 2444 1246 2516 aliae

199 2592 239 2638 ex
254 2567 332 2638 aliis
345 2591 443 2638 nexae
457 2567 661 2659 videantur,
675 2593 874 2666 omnesque
888 2569 982 2640 inter
995 2593 1032 2639 se
1047 2582 1139 2666 aptae
1151 2566 1247 2638 colli·

198 2704 361 2785 gataeque
390 2689 596 2762 cohaereant
627 2716 668 2762 ac
700 2692 975 2764 continuentur.
1002 2696 1140 2789 Nempe
1171 2689 1245 2788 pri-

199 2838 301 2883 mum
315 2812 361 2884 de
375 2813 538 2901 materie,
556 2837 618 2884 seu
634 2837 801 2911 corpore,
820 2828 963 2901 tractat,
979 2838 1021 2884 ex
1036 2836 1111 2909 quo
1123 2811 1245 2883 omnia

198 2953 379 3032 constant,
397 2955 434 3010 et
445 2938 491 3010 de
510 2939 608 3009 inani
625 2939 751 3035 inquo
766 2953 980 3029 moventur3
1003 2952 1087 3037 post
1104 2936 1151 3009 de
1168 2951 1245 3008 ato-

200 3063 279 3150 mis,
296 3088 360 3134 seu
376 3062 575 3153 elementis,
597 3087 757 3158 quorum
774 3087 955 3134 concursu
973 3087 1015 3134 ac
1032 3062 1247 3162 compagine

200 3189 291 3258 liunt
307 3212 388 3285 quae
411 3188 449 3258 in
471 3187 610 3259 mundo
635 3200 732 3258 sunt.
760 3186 848 3258 Inde
882 3187 929 3259 ad
951 3186 1111 3260 animam
1130 3186 1245 3279 venit,

198 3327 339 3411 partem
376 3310 504 3383 mundi
532 3309 763 3399 nobiliorem,
792 3336 1003 3409 quanquam
1034 3313 1176 3410 etipsa
1205 3336 1247 3383 ex

198 3437 329 3508 atomis
359 3436 586 3509 conformata
608 3449 681 3526 est3
700 3460 854 3532 eamque
880 3435 987 3508 docet
1014 3450 1052 3509 et
1079 3436 1180 3507 nasci
1212 3449 1248 3508 et

199 3564 306 3654 mori,
331 3562 427 3634 unde
445 3562 610 3659 sequitur
626 3586 712 3632 eum
729 3560 881 3631 stultum
908 3585 985 3633 esse
1003 3561 1068 3660 qui
1090 3557 1248 3633 mortem

198 3686 422 3759 reformidet.
444 3693 494 3758 Ea
514 3701 637 3758 autem
655 3686 776 3757 anima
799 3687 908 3759 sentit
926 3713 968 3759 ac
985 3687 1138 3783 cogitat3
1164 3684 1248 3759 ideo

197 3837 370 3885 sensuum
386 3810 720 3908 cogitationumque
740 3811 840 3906 origo
855 3836 897 3883 ac
916 3827 1047 3883 natura
1066 3834 1249 3910 exponen-

197 3937 252 4011 dae
284 3953 382 4030 sunt,
420 3952 457 4010 et
483 3938 640 4009 aliorum
672 3960 754 4032 quae
782 3934 829 4006 ad
864 3937 1024 4008 animam
1048 3936 1246 4034 pertinent,

198 4063 315 4134 somni
332 4061 466 4134 scilicet
486 4088 527 4133 ac
549 4061 788 4150 somniorum,
809 4061 1136 4159 cupiditatumque,
1153 4061 1250 4133 inter

198 4211 289 4284 quas
314 4211 399 4258 cum
422 4186 597 4284 appetitio
618 4208 773 4257 venerea
799 4183 1115 4256 vehementissima
1141 4185 1188 4256 sit
1206 4176 1248 4256 ec
