2902 5016
382 480 574 532 commoda
591 482 674 532 APUD
690 481 880 536 tucnmtmt.
897 437 903 451 ⁵
1123 488 1155 538 36

110 600 312 672 doctrinam
327 601 491 675 deserere
505 603 659 690 videtur,
674 620 711 675 et
723 606 822 677 velut
840 608 971 678 inscius
987 608 1024 678 in
1040 606 1155 678 aliena

110 741 225 797 castra
238 728 411 799 transire?
423 734 502 800 Non
515 729 648 824 loquor
659 729 704 800 de
719 730 787 801 diis
797 730 931 827 quibus
944 733 980 802 in
996 732 1155 803 carmine

110 873 177 920 suo
193 849 317 921 locum
332 851 431 939 facit,
455 851 499 923 de
518 857 674 944 Venere,
694 853 740 925 de
754 855 928 954 Calliope,
948 879 1039 952 quas
1051 855 1156 926 invo-

108 988 180 1058 cat,
196 973 241 1046 de
262 975 385 1066 Musis,
402 1001 559 1072 quarum
578 978 679 1049 suavi
693 1003 817 1050 amore
834 1005 871 1051 se
889 996 1037 1078 captum
1051 978 1152 1070 dicit,
1268 960 1271 965 ⁴

107 1098 153 1171 de
167 1099 345 1198 Zephyro,
363 1101 458 1172 veris
476 1104 694 1199 praenuntio,
713 1104 759 1176 de
773 1105 878 1176 Flora
898 1131 979 1203 quae

214 1292 317 1348 Cuncta
330 1291 469 1350 coloribus
482 1293 599 1366 egregiis
613 1301 640 1350 et
652 1293 784 1351 odoribus
798 1295 891 1368 opplet
903 1295 957 1369 (t);

107 1495 192 1541 cum
207 1471 439 1543 manifestum
454 1472 500 1543 sit
517 1496 577 1544 eas
594 1487 737 1543 tantum
755 1471 887 1569 figuras
913 1498 988 1546 esse
1006 1472 1152 1571 quibus,

106 1609 299 1693 poetarum
316 1622 430 1683 more,
452 1598 566 1669 utitur
579 1612 716 1686 noster,
732 1597 868 1696 leporis
882 1623 923 1669 ac
938 1598 1156 1671 delectatio-

107 1720 163 1790 nis
182 1745 302 1808 causa,
334 1747 379 1792 ne
409 1747 515 1794 suum
542 1747 687 1794 carmen
715 1722 777 1793 illo
801 1720 1007 1794 fabularum
1024 1723 1154 1796 decore

106 1844 258 1915 omnino
274 1869 395 1917 carere
406 1847 578 1943 patiatur.
596 1845 666 1917 Sed
680 1846 709 1916 si
728 1845 774 1916 ad
793 1845 884 1917 seria
900 1848 1011 1943 magis
1026 1863 1062 1919 et
1080 1873 1155 1944 gra·

106 1968 207 2040 viora
219 1994 286 2041 nos
305 1972 568 2063 converdmm,
582 1995 625 2042 ea
644 1985 777 2042 natura
799 1974 967 2062 creauit,
984 1988 1020 2044 et
1028 1973 1155 2070 guber-

55 2128 57 2133 ·
106 2120 201 2164 nans
223 2095 299 2192 (2),
325 2096 372 2167 de
392 2122 464 2193 qua
483 2111 558 2168 tam
575 2121 667 2196 saepe
682 2096 866 2195 praedicat,
882 2097 1037 2194 quidest
1056 2099 1155 2171 aliud

105 2245 219 2317 quam
231 2220 321 2292 deus
332 2221 408 2320 ipse
431 2222 650 2310 stoicorum?
664 2226 744 2309 Qua
757 2222 826 2293 alia
842 2247 882 2293 re
896 2221 942 2295 ab
960 2249 1003 2294 eo
1023 2223 1153 2316 distat,

103 2343 176 2414 nisi
195 2344 368 2415 nomine?
383 2344 524 2415 Etenim
539 2344 603 2441 qui
622 2343 783 2415 divinam
805 2344 1092 2443 providentiam,
1114 2363 1155 2419 ut

104 2466 361 2567 philosophus⁷
372 2493 392 2540 e
403 2468 541 2540 mundo
557 2467 728 2566 pellebat,
742 2495 875 2556 nonne,
891 2485 930 2541 ut
946 2486 1068 2569 poeta⁷
1078 2471 1154 2567 jam

104 2591 264 2680 reducit,
287 2618 401 2691 quum
427 2591 586 2664 ostendit
604 2608 738 2664 terram
773 2611 924 2665 matrem
953 2619 1010 2666 res
1030 2620 1155 2668 omnes

105 2716 233 2787 ordine
252 2741 294 2788 ac
309 2717 409 2788 velut
425 2716 575 2788 consilio
589 2715 775 2810 edentem,
795 2719 914 2816 primo
938 2743 1050 2815 genus
1068 2718 1153 2790 her-

104 2839 249 2933 barum,
265 2841 412 2934 florum,
432 2840 624 2932 arborum,

210 3035 250 3092 Ut
263 3035 358 3108 pluma
368 3042 449 3107 atque
461 3035 507 3108 pili
518 3034 638 3108 primum
652 3042 771 3108 setaeque
784 3043 914 3093 creantur

210 3123 428 3198 Quadrupedum
442 3123 472 3180 in
483 3124 616 3182 memhris
627 3133 655 3181 et
666 3137 782 3197 corpore
797 3125 1027 3198 pennipotentum
1037 3130 1092 3196 (3);

106 3323 191 3374 mox
207 3301 324 3375 varias
351 3303 536 3395 volucreS‚
567 3318 603 3375 et
622 3302 692 3374 alia
711 3304 910 3375 animantia
939 3301 1087 3401 quibus,
1114 3317 1155 3374 ut

105 3442 259 3499 matrem
273 3426 436 3521 decebat,
452 3426 576 3500 cibum
594 3445 723 3527 sponte
736 3428 891 3527 praebuit
905 3427 982 3526 (4)?

153 3553 255 3625 Unde
275 3555 435 3652 optime,
465 3570 507 3625 ut
532 3553 683 3652 opinor,
711 3568 835 3625 noster
857 3552 1060 3625 Poliniacus
1088 3553 1153 3649 qui

104 3677 220 3749 multa
234 3694 325 3771 arte,
341 3679 457 3751 multo
476 3677 602 3751 labore
619 3680 827 3751 Lucretium
851 3678 1013 3749 imitatus
1037 3691 1092 3748 est
1113 3692 1154 3749 ut

145 3965 187 4046 (t)
208 3967 338 4041 Lucret,
356 3966 395 4041 V,
409 3966 468 4027 ’160
484 3963 643 4046 (Lachm.).

144 4062 185 4144 (2)
208 4064 338 4142 Lucret,
353 4064 383 4136 1,
397 4066 472 4139 63ος
488 4065 529 4140 11,
546 4065 639 4137 tntu
657 4061 695 4137 V,
711 4063 769 4139 78,
785 4064 864 4126 1360
882 4062 1041 4142 (Lachmp

149 4159 191 4243 (3)
211 4163 347 4237 Lucret„
361 4163 400 4240 V,
414 4163 474 4224 '188
489 4160 647 4242 (Lachm.).

146 4258 187 4340 (t)
207 4261 345 4336 Lucret,
361 4261 400 4337 V,
416 4262 488 4322 816.
503 4257 587 4320 Conf.
601 4259 646 4336 11,
661 4261 720 4321 996
735 4256 891 4338 (6666ωῲ
