2902 5016
196 473 227 521 ct
496 470 536 519 ΟΕ
553 468 769 522 attitosorntcr
789 469 944 521 ausurus

198 614 261 661 seu
276 591 426 685 januam
448 591 538 663 lethi

306 777 373 845 Quae
387 785 462 849 patet
475 777 588 832 immani
604 785 632 833 et
647 785 725 832 vasto
739 783 874 848 respectat
887 775 965 830 biatu
978 778 1015 840 (1)
1027 793 1034 840 ;

200 978 263 1025 seu
283 955 431 1024 miseros
451 953 681 1024 Athenienses
699 978 792 1050 quos

307 1127 451 1184 Confertos
464 1128 501 1184 ita
515 1129 662 1185 acervatim
676 1144 751 1185 mors
765 1129 955 1186 accumulabat
967 1133 1022 1198 (2);

201 1286 281 1382 quis
290 1309 434 1380 magno,
450 1285 523 1356 imo
535 1287 691 1356 maximo
703 1301 819 1384 poetae
828 1310 902 1356 non
913 1285 1098 1370 acclamet,
1112 1285 1247 1383 quippe

201 1409 266 1505 qui
286 1433 343 1478 res
360 1409 409 1479 ita
429 1406 533 1479 nobis
555 1424 746 1507 praesentes
767 1408 899 1480 efficiat
927 1423 967 1480 ut
992 1408 1185 1489 formidine
1206 1433 1246 1478 ac

203 1547 341 1603 terrore
367 1533 524 1629 legentes
554 1533 656 1628 quasi
685 1532 927 1604 horreamus?
961 1537 1004 1603 At
1031 1557 1105 1603 non
1134 1532 1248 1602 tristia

206 1671 350 1727 tantum
368 1680 409 1727 ac
426 1653 600 1727 terribilia
615 1656 721 1727 nobis
737 1656 913 1746 ostendit3
933 1657 1100 1753 namqui
1118 1687 1136 1721 «
1154 1656 1251 1726 laetas

205 1780 313 1851 urbes
329 1781 450 1878 pueris
468 1779 597 1851 llorere
618 1812 634 1846 a
658 1781 835 1879 depingit,

312 1952 541 2028 Frondiferasquc
553 1957 632 2012 novis
642 1955 737 2012 aribus
748 1970 845 2011 canere
857 1954 979 2027 undique
989 1954 1071 2010 silvas
1085 1958 1143 2022 (3);

206 2129 241 2186 et
259 2129 421 2213 pastores
439 2140 512 2186 non
533 2116 669 2212 magnis
691 2112 821 2212 opibus
839 2139 992 2212 corpora
1012 2126 1180 2185 curantes

667 2293 698 2347 ln
711 2290 835 2362 gramine
848 2289 926 2346 molli

318 2383 434 2453 Propter
446 2396 525 2453 aquae
540 2381 629 2436 rivum
644 2379 696 2436 sub
710 2379 794 2435 ramis
806 2379 911 2435 arboris
923 2377 996 2446 altae,

315 2469 467 2525 Praesertim
482 2484 546 2523 cum
558 2475 707 2539 tempestas
720 2467 833 2532 arridet,
848 2477 876 2524 et
888 2467 952 2522 anni

313 2559 449 2628 Tempora
460 2561 646 2629 conspergunt
660 2556 806 2612 viridantes
819 2556 932 2612 floribus
946 2555 1044 2612 herbas
1056 2559 1110 2622 (4);

203 2738 274 2790 nec
293 2744 367 2790 non
386 2733 421 2789 et
439 2717 522 2789 coeli
540 2717 848 2816 pulchritudinem

490 2892 583 2964 Magni
596 2892 719 2949 coeiestia
734 2890 830 2949 mundi

313 2980 437 3052 Templa,
452 2996 535 3052 super
548 2979 689 3052 stellisque
703 2979 867 3036 micantibus
881 2979 982 3036 aethera
996 2977 1079 3034 lirum
1090 2981 1126 3046 (5)
1139 2998 1147 3046 3

207 3166 291 3212 eum
311 3140 432 3210 omnia
452 3137 596 3227 vidisse,
617 3141 739 3211 omnia
758 3138 971 3210 intellexisse
988 3162 1068 3236 quae
1084 3151 1201 3235 poetae
1219 3153 1256 3210 et

209 3263 430 3362 philosopho
463 3262 617 3334 videnda
649 3277 758 3360 atque
791 3261 1020 3357 intelligenda
1052 3275 1137 3331 sunt
1173 3262 1256 3358 quis

209 3387 338 3483 neget?
368 3386 588 3484 Philosopbo
615 3385 715 3475 dico,
745 3410 864 3482 neque
889 3385 984 3455 enirn
1009 3408 1094 3456 vere
1118 3400 1173 3455 est
1197 3384 1257 3455 ille

209 3510 450 3609 philosophus
487 3513 550 3607 qni
584 3511 620 3580 in
652 3510 862 3581 ratiunculis
898 3524 933 3580 et
969 3507 1257 3579 cavillationibus

249 3818 291 3898 (i)
311 3822 444 3892 Lucret,
459 3821 495 3893 V,
508 3822 568 3883 375
587 3817 740 3900 (baalim).

253 3914 293 3995 (t)
314 3918 446 3990 Lucret,
464 3917 520 3988 VI,
537 3918 614 3978 1263
631 3912 788 3995 (Lachmt

251 4012 288 4091 (3)
310 4014 446 4085 Lucret,
459 4014 490 4084 1,
505 4010 733 4094 2551Lacbm.).

253 4112 289 4187 (i)
310 4111 441 4182 Lucret,
453 4112 493 4185 11,
510 4113 547 4171 29
564 4128 629 4190 seq.
642 4106 794 4190 (bacam).

252 4209 292 4284 (a)
313 4210 445 4282 Lucret.‚
458 4210 494 4279 V,
510 4211 586 4270 taor
602 4206 763 4288 (Lachm.).
