2902 5016
392 469 581 522 coltmnolvn
597 469 678 521 APUD
695 469 884 522 tucnuttuu.
1123 474 1154 522 33

111 592 324 662 sententiam
337 590 525 687 jubentes3
546 618 620 663 non
637 591 802 664 eamdem
817 591 914 663 enim
933 615 1009 662 esse
1027 589 1153 662 condi·

110 716 259 804 tionem,
275 716 376 814 quod
390 715 435 788 ad
451 718 591 816 poesim
606 717 769 808 attineat,
786 718 961 814 epicureae
980 740 1021 785 ac
1036 698 1155 786 stoicae

110 839 302 932 doctrinae3
331 867 487 939 quarum
506 842 619 941 prior,
647 867 729 913 eum
753 843 876 914 omnia
900 841 946 912 ad
970 842 1156 912 materiem

110 966 273 1057 reducat,
283 1027 284 1033 κ
294 982 331 1038 et
346 966 589 1040 nobilissimos
605 968 716 1039 animi
733 992 858 1039 sensns
873 967 1061 1064 voluptate
1078 990 1158 1035 cor-

110 1108 267 1190 rumpat,
287 1092 338 1164 nil
356 1092 475 1190 magni
490 1107 553 1164 aut
567 1092 712 1191 pulchri
724 1107 841 1190 poetae
856 1091 1061 1164 canendum
1075 1114 1158 1188 sup·

110 1216 267 1315 peditet3
288 1216 401 1289 altera
414 1242 501 1290 vero
519 1217 635 1289 multo
650 1233 792 1316 praestet
807 1216 1093 1316 pulchritudine,
1112 1216 1159 1287 ad

112 1366 223 1438 qnam
245 1341 274 1411 si
295 1366 332 1412 se
351 1341 586 1413 convertisset
608 1333 807 1429 Lucretius,
834 1340 950 1437 majus
973 1339 1159 1437 quoddam

112 1490 153 1536 ac
173 1466 401 1563 praestantius
422 1490 515 1564 opus
536 1464 687 1537 fortasse
712 1463 931 1536 condidisset
951 1464 1016 1562 (1).
1042 1468 1161 1551 Quam

112 1589 342 1687 opinionem,
373 1589 607 1686 quantumvis
627 1590 726 1688 apud
747 1614 806 1661 me
827 1590 945 1661 valeat
967 1588 1161 1660 doctorum

112 1715 275 1787 virorum
288 1716 497 1807 auctoritas,
513 1716 627 1787 nolim
642 1715 688 1786 ad
701 1716 826 1788 vivum
845 1739 1026 1804 resecare3
1046 1739 1163 1811 quum

114 1841 269 1913 Lucretii
284 1865 416 1939 poema
434 1841 566 1937 legenti
593 1865 754 1940 persaepe
773 1839 936 1912 animum
955 1838 1083 1910 subeat
1100 1864 1163 1911 co-

114 1964 251 2061 gitatio,
263 1981 412 2063 poetam
424 1982 592 2037 nostrum
604 1967 641 2037 in
656 1964 787 2036 morali
801 1963 1041 2063 philosophiae
1061 1980 1165 2062 parte

114 2113 198 2159 cum
213 2090 335 2160 stoicis
351 2115 425 2161 non
444 2091 554 2163 semel
572 2089 788 2163 consentire.
812 2089 909 2178 Quid
927 2090 1025 2160 enim
1045 2088 1162 2180 aliud,

115 2212 144 2283 si
157 2215 335 2301 PortieuS,
352 2241 426 2287 non
443 2216 698 2313 epicureorum
714 2213 951 2286 hortulorum
966 2213 1166 2312 discipulus

116 2337 252 2430 fuisset,
277 2339 323 2410 de
341 2339 512 2413 felicitate
538 2341 721 2439 sapientis,
750 2338 796 2410 de
816 2338 970 2411 vitandis
986 2339 1166 2437 cupidita-

116 2462 231 2555 tibus,
260 2464 306 2535 de
332 2479 546 2563 contemptu
578 2464 788 2536 divitiarum
814 2463 991 2562 potuisset
1024 2461 1168 2534 dicere?

117 2588 304 2660 Stoicusne
322 2615 368 2661 an
385 2571 584 2687 Epicureus
598 2588 822 2661 nobilissima
835 2588 914 2659 haee
932 2587 1043 2659 verba
1060 2587 1168 2659 veris·

118 2712 280 2810 simaque
300 2716 531 2812 pronuntiat,

220 2909 304 2981 ‘Quod
316 2910 338 2966 si
352 2911 413 2984 quis
425 2927 488 2969 vera
501 2911 586 2967 vitam
602 2910 708 2967 ratione
721 2910 864 2984 gubernet,

224 3000 332 3057 Divitiae
346 3000 462 3074 grandes
477 3001 584 3071 homini
596 3009 668 3068 sunt,
684 3001 775 3058 vivere
789 3018 870 3074 parce

223 3091 311 3161 AEquo
325 3091 429 3159 animo,
442 3106 531 3162 neque
544 3091 619 3148 enim
631 3100 673 3147 est
685 3107 806 3163 unquam
821 3091 935 3166 penuria
947 3091 1024 3164 parvi
1037 3096 1096 3162 (2)t

118 3280 240 3363 Quum
255 3276 292 3346 in
314 3276 419 3348 Tullii
440 3273 630 3375 Παραδόξοις
657 3279 805 3377 (quihus
829 3279 919 3377 quid
943 3279 1057 3374 magis
1079 3303 1165 3376 pro-

119 3401 239 3498 prium
268 3403 503 3499 stoicorum?)
527 3402 708 3506 legamus:
747 3410 808 3477 «Ο
837 3403 890 3475 dii
921 3399 1163 3475 immortales!

112 3512 192 3598 non
210 3525 415 3621 intelligunt
430 3526 597 3600 homines
621 3555 733 3626 quam
752 3553 925 3625 magnum
947 3525 1097 3622 vectigal
1121 3525 1168 3596 sit

118 3650 357 3749 parcimonia!
366 3706 439 3725 .....
460 3658 547 3726 Uter
565 3655 672 3750 igitur
694 3669 748 3726 est
765 3655 889 3744 ditior,
915 3654 975 3724 cui
994 3651 1104 3739 deest,
1120 3674 1167 3721 an

120 3776 178 3846 cui
196 3778 361 3875 superat?
367 3833 440 3850 .....
461 3784 539 3850 Non
566 3805 641 3851 esse
664 3779 839 3879 cupidum
860 3778 1014 3877 pecunia
1032 3789 1086 3847 est
1087 3827 1164 3850 .....

139 4049 212 4209 hul
225 4053 265 4115 M.
286 4053 410 4130 Ferrea,
428 4054 584 4118 Dasteira
604 4056 768 4136 disciplina
787 4053 874 4132 apud
891 4059 995 4132 poetas
1015 4066 1164 4125 romanos,

121 4165 139 4209 c
161 4194 170 4210 .
212 4151 247 4212 ΙΙ,

161 4243 203 4326 (a)
228 4247 363 4326 Lucret,
377 4250 414 4325 V,
432 4253 509 4312 ΜΠ
525 4247 683 4329 (Lachmt

1031 4359 1046 4408 a
