2902 5016
211 475 243 524 62
509 475 549 526 DE
567 473 784 527 PlllLOSOl’lllCl
800 471 956 523 conuiuis

211 619 382 667 sonarum
405 622 469 669 ore
495 599 688 670 sententias
715 621 776 669 eas
800 594 1101 694 pronuntiaverat
1123 605 1257 686 quasa

209 718 430 819 philosopho
448 721 621 819 loquente
638 721 763 792 audire
774 719 955 819 possimus
971 715 1038 811 (1).
1060 718 1177 801 Quem
1201 733 1256 780 se·

209 859 315 915 cutus
331 847 506 917 Pacuvius
529 846 645 918 multa
669 845 715 916 de
738 844 885 916 fortuna
903 858 940 914 et
962 865 1048 912 casu
1075 841 1112 908 in
1133 833 1258 906 fabula
1305 941 1309 946 ἱ

209 967 336 1040 incerti
354 971 512 1043 nominis
529 968 739 1061 disserebat,
760 994 840 1067 quae
861 999 878 1033 α
901 965 1052 1038 infirmae
1065 960 1217 1034 rationis
1237 988 1254 1026 a

208 1091 391 1165 insimulat
404 1095 540 1166 Tullius
558 1095 634 1190 (2);
660 1109 697 1165 et
721 1095 760 1164 in
783 1093 920 1188 Chryse
940 1088 1132 1189 physicum
1153 1084 1257 1156 indu-

207 1214 313 1288 cebat
345 1219 429 1289 satis
459 1219 666 1308 luculente,
699 1217 829 1290 eodem
857 1232 946 1288 teste
975 1214 1091 1287 Tullio
1119 1211 1185 1308 (3),
1214 1233 1256 1280 ea

207 1339 387 1414 dicentem
410 1367 490 1442 quae
506 1344 714 1416 Lucretium
733 1342 944 1442 expressisse
963 1337 1179 1412 crediderim
1202 1361 1210 1405 ε

276 1524 414 1598 Quidquid
428 1534 470 1582 est
483 1525 545 1592 hoc,
561 1527 655 1584 omnia
667 1526 780 1597 animat,
795 1526 908 1593 format,
922 1524 981 1590 alit,
996 1528 1087 1595 auget,
1101 1525 1187 1589 creat,

276 1614 378 1687 Sepelit
388 1615 539 1689 recipitque
553 1616 583 1671 in
597 1633 626 1673 se
640 1617 743 1686 omnia,
759 1615 940 1686 omniumque
954 1611 1027 1669 idem
1042 1617 1084 1667 est
1097 1617 1186 1682 pater.

206 1783 293 1848 Nam
312 1804 392 1878 quae
409 1778 468 1851 hic
491 1778 537 1850 de
563 1777 715 1868 mundo,
734 1777 860 1850 eadem
882 1762 1061 1875 saepiusin
1083 1770 1251 1842 Lucretio
1275 1768 1277 1772 ’
1342 1827 1344 1831 .

205 1902 250 1975 de
272 1920 369 1978 terra
388 1921 503 1977 matre
523 1904 619 1985 dicta
631 1904 794 2001 legimus,
815 1926 905 2000 quae.

593 2089 686 2147 Dubio
700 2088 796 2162 procul
809 2103 869 2147 esse
883 2087 993 2146 videtur

309 2178 495 2252 omniparens
504 2179 602 2236 eadem
612 2195 705 2236 rerum
716 2193 863 2236 commune
876 2176 1053 2250 sepulchrum
1064 2176 1121 2250 (4);

202 2341 271 2413 nisi
288 2340 382 2413 forte
407 2355 561 2439 uterque
578 2339 867 2439 Xenophaneum
883 2338 973 2412 illud
993 2339 1157 2410 imitatus
1179 2337 1249 2408 sit:

301 2525 352 2586 Ἐκ
364 2525 441 2602 γαίης
455 2523 505 2608 γὰρ
521 2526 617 2601 πάντα,
631 2525 677 2586 καὶ
690 2527 728 2596 εἷς
738 2530 788 2606 γῆν
806 2525 894 2587 πάντα
907 2527 1016 2608 τελευτᾷ
1037 2523 1091 2608 (5),

201 2701 302 2800 quod
313 2701 388 2798 jam
401 2701 609 2800 AEschylum
624 2703 661 2773 in
676 2702 904 2800 Choephoris
919 2702 994 2774 fere
1008 2717 1149 2775 constat
1166 2727 1248 2773 mu-

200 2841 342 2897 tuatum
357 2851 433 2898 esse
453 2826 517 2924 (6).
537 2832 581 2898 Et
601 2852 676 2925 quo
692 2827 811 2899 minus
828 2826 1037 2900 dubitemus
1055 2828 1143 2925 quin
1162 2825 1244 2926 phi-

197 2950 436 3050 losophorum
457 2953 641 3023 sententiae
660 2977 736 3023 non
755 2952 867 3024 modo
885 2953 1013 3025 doctos
1031 2967 1067 3024 et
1085 2952 1248 3024 eruditos

198 3063 381 3146 Romanos
397 3075 461 3147 sed
475 3090 512 3146 et
524 3074 750 3173 plebeculam
764 3076 869 3147 valde
882 3075 1157 3167 delectaverint,
1176 3077 1246 3174 ipsi

198 3199 355 3271 comoedi
376 3200 491 3271 multa
511 3199 557 3271 de
580 3225 710 3298 genere
733 3201 806 3273 hoc
832 3199 964 3274 fabulis
986 3202 1044 3273 vel
1065 3201 1112 3273 ad
1130 3202 1245 3273 risum

197 3321 389 3418 aptissimis
407 3321 671 3396 immiscebant.

250 3508 301 3563 Est
313 3506 437 3579 proiecta
450 3510 536 3577 Deus,
552 3509 598 3583 qui
612 3525 675 3582 quae
688 3526 739 3567 nos
753 3510 875 3584 gerimus
888 3509 1017 3583 auditque
1030 3519 1059 3568 et
1071 3511 1162 3580 videt,

236 3738 275 3821 (t)
297 3739 373 3802 Vide
386 3742 561 3822 exemplum
576 3739 639 3815 rei,
655 3759 723 3821 pag.
739 3744 788 3804 13.

235 3840 274 3915 (2)
297 3838 373 3917 Cic,
387 3839 429 3899 ad
440 3841 579 3914 uerene,
597 3840 635 3908 ll,
650 3843 699 3902 ⁶23.

233 3940 273 4013 (3)
295 3937 364 4006 Cic,
378 3937 415 3998 de
429 3935 682 4010 Divinat.‚1‚5·1.

234 4032 273 4115 (l)
297 4036 435 4113 Lucret,
450 4036 488 4112 V,
506 4040 564 4098 258
577 4035 735 4115 (Lachml.

234 4131 275 4208 (5)
297 4131 488 4212 Xenophan,
503 4130 585 4214 apud
596 4130 741 4197 Mullech.
755 4129 865 4211 fragm.
879 4136 906 4197 8.

235 4230 275 4306 (6)
297 4229 444 4310 AEsohyl.‚
458 4228 600 4309 uhoeph,
617 4231 687 4308 tut,
703 4231 772 4291 tat.
