2902 5016
476 448 665 500 countrtottn
683 447 766 500 APUD
782 445 974 501 tranantur.
1217 451 1247 501 61

200 575 240 640 ln
258 568 316 639 his
332 594 419 640 vero
435 586 476 641 ut
494 571 531 641 in
550 571 628 641 aliis
645 596 720 642 non
739 568 1023 642 obliviscendum
1042 583 1095 640 est
1115 574 1249 653 Lucre-

202 695 291 765 tium
314 710 428 766 artem
450 695 655 768 didascalici
671 696 848 794 poematis
870 694 968 794 apud
991 701 1174 769 Romanos
1192 695 1248 767 in-

200 818 399 911 choavisse,
414 820 601 916 Virgilium
618 821 823 920 perfecisse.

678 1207 765 1295 vm.

249 1571 351 1637 Nunc
369 1581 409 1636 ut
427 1566 708 1664 praenuntiatum
726 1589 819 1665 opus
830 1566 1029 1665 perficiam,
1046 1566 1091 1637 de
1103 1565 1247 1638 dicendi

200 1713 328 1785 genere
353 1714 428 1787 qno
449 1714 536 1760 usus
564 1704 618 1761 est
647 1691 833 1762 Lucretius
860 1691 1068 1762 dicendum.
1100 1697 1139 1762 ln
1172 1717 1247 1789 quo

200 1828 321 1885 tamen
338 1839 447 1886 nemo
469 1839 562 1886 ame
583 1813 825 1913 exspectabit,
850 1817 1075 1913 quicumque
1098 1816 1245 1887 titulum

200 1937 310 2034 hujus
327 1937 440 2011 libelli
461 1941 678 2027 meminerit,
699 1955 741 2011 ut
757 1939 939 2037 quidquid
956 1941 1003 2012 de
1018 1965 1062 2012 ca
1079 1965 1119 2013 rc
1133 1942 1247 2039 quaeri

200 2063 312 2162 possit
324 2064 437 2135 fusius
451 2088 493 2136 ac
511 2063 715 2162 singillatim
730 2078 962 2163 pertractem.
981 2070 1060 2136 Non
1087 2066 1183 2136 enim
1201 2063 1247 2135 de

199 2186 318 2258 latinae
330 2187 459 2283 linguae
478 2204 540 2261 aut
553 2187 825 2261 versificationis
839 2187 1004 2278 historia,
1021 2189 1084 2260 sed
1102 2203 1244 2260 tantum

200 2312 246 2383 de
263 2311 519 2411 philosophico
535 2328 700 2412 poemate
721 2313 869 2386 dissero,
887 2319 967 2385 Non
988 2316 1096 2410 igitur
1112 2337 1244 2411 expen-

200 2435 298 2525 dam,
319 2436 388 2507 nisi
408 2437 445 2506 in
459 2439 632 2528 transitu,
661 2437 805 2534 qualem
830 2437 876 2509 ab
904 2439 1019 2509 Ennio
1042 2462 1244 2509 sermonem

199 2561 357 2658 patrium
381 2560 559 2658 acceperit
573 2578 715 2653 noster,
742 2562 876 2660 quibus
896 2562 1049 2635 inventis
1062 2564 1138 2662 ipse
1153 2564 1245 2635 dita·

200 2684 303 2771 verit,
327 2708 435 2780 quem
453 2684 575 2756 locum
596 2687 633 2755 in
648 2685 705 2755 his
722 2685 841 2756 latinae
856 2710 920 2756 seu
937 2689 1071 2785 poesis,
1093 2712 1157 2758 seu
1176 2688 1246 2758 lin·

199 2832 288 2902 guae,
312 2807 483 2903 gradihus
501 2834 543 2881 ac
556 2807 782 2907 processibus
797 2807 980 2901 obtineat3
1006 2809 1051 2881 ad
1074 2811 1111 2882 id
1127 2826 1245 2882 totum

203 2957 259 3003 me
294 2932 441 3004 confero
480 2935 580 3030 quod
611 2936 679 3005 mei
707 2936 910 3032 argumenti
946 2949 1024 3024 est,
1057 2936 1245 3034 quomodo

199 3054 310 3128 latina
339 3062 498 3155 poesisa
528 3060 694 3131 Lucretio
723 3059 1028 3158 philosophorum
1061 3059 1246 3131 doctrinas

200 3183 399 3278 exprimere
426 3183 619 3275 didicerit,
644 3201 824 3282 quatenus
844 3187 881 3256 in
912 3209 955 3256 ea
980 3209 1020 3256 re
1043 3185 1246 3284 perdifficili

200 3306 346 3402 quidem
362 3332 405 3378 ac
418 3309 570 3406 periculi
585 3309 690 3406 plena
711 3309 918 3407 profecerit.

249 3431 389 3501 Primus
408 3433 502 3504 enirn
521 3434 721 3524 Lucretius,
745 3450 787 3508 ut
806 3434 853 3506 de
877 3460 914 3506 se
934 3432 990 3505 bis
1008 3433 1090 3530 jure
1109 3456 1150 3504 ac
1170 3458 1247 3505 me·

199 3556 270 3626 rito
296 3554 465 3650 jactavit,
500 3556 647 3652 longum
673 3583 805 3656 poema
824 3558 870 3630 de
892 3557 1124 3656 philosophia
1148 3558 1246 3656 apud

200 3685 383 3752 Romanos
392 3679 567 3752 condidit.
583 3685 800 3781 Quanquam
809 3682 883 3779 jam
894 3683 1011 3773 multi,
1024 3698 1065 3755 ut
1073 3683 1244 3773 diximus,

200 3804 237 3875 in
258 3804 430 3904 operibus
448 3804 540 3876 alius
553 3807 691 3902 generis
706 3808 820 3879 multa
838 3806 1003 3879 versibus
1017 3808 1248 3906 protulerant

200 3955 282 4028 quae
312 3929 358 4000 ad
384 3928 650 4030 philosophiam
687 3936 923 4032 pertinerent.
954 3938 1091 4029 Nempe
1112 3932 1248 4003 Ennius

200 4080 275 4126 non
286 4055 540 4152 Epicharmium
555 4055 665 4128 modo
673 4057 876 4155 scripserat,
888 4054 994 4128 sedet
1003 4054 1247 4128 Evhemeride

200 4177 268 4248 diis
285 4175 419 4249 librum
435 4177 546 4250 latine
559 4192 735 4270 verterat3
753 4194 790 4251 et
806 4180 843 4250 in
859 4176 1041 4275 tragoediis
1057 4201 1150 4275 saepe
1163 4202 1245 4274 per-
