2902 5016
400 476 601 546 :CONDlTIONE
618 476 700 529 APUD
716 476 902 528 LUGRE'llUll.
1138 483 1179 550 [ts

136 603 236 674 culas
253 601 477 691 velavissem‚
493 598 628 670 nedum
649 597 864 696 detegerem,
883 602 951 672 nisi
968 604 1004 672 in
1023 603 1081 674 his
1094 605 1181 677 utile

24 774 31 787 ·
135 725 241 798 nohis
265 727 526 799 documentum
547 737 678 821 praesto
698 722 821 795 fuisset
840 724 930 795 duas
948 750 1024 798 esse
1041 752 1105 799 seu
1122 753 1182 799 na·

137 851 280 938 ruralis,
313 876 374 922 seu
408 847 555 920 moralis
580 847 821 946 philosophiae
849 865 987 947 parteS,
1024 878 1179 950 quarum

137 1001 221 1047 cum
241 975 353 1048 altera
372 975 509 1072 optime
532 973 650 1071 poesis
673 973 913 1071 conjungatur
932 991 968 1047 et
989 976 1180 1069 coalescat,

137 1126 222 1172 cum
248 1100 360 1171 altera
379 1123 424 1170 ne
442 1097 629 1169 minimam
649 1097 799 1204 quidem
818 1100 1026 1173 societatem
1047 1101 1184 1176 hahere

138 1224 263 1323 possit.
876 1240 879 1245 ’

190 1984 269 2051 Non
285 2002 356 2049 una
371 1993 425 2049 est
436 1978 534 2050 enim
548 1977 833 2078 philosophandi
846 1981 917 2074 via,
934 2008 1055 2081 neque
1070 2011 1187 2084 quum

142 2103 242 2175 illam
256 2128 336 2200 quae
349 2102 416 2175 nos
433 2119 535 2175 vasto
550 2105 632 2176 sinu
652 2107 907 2204 complectitur
923 2125 1108 2201 naturam,
1124 2128 1188 2184 aut

142 2228 332 2326 proprium
350 2229 527 2320 animum,
546 2243 610 2301 aut
625 2229 825 2302 humanam
842 2232 1050 2305 societatem
1067 2239 1187 2308 consi-

143 2356 245 2428 derat
261 2353 516 2454 philosophus,
532 2381 574 2427 ea
589 2381 731 2454 semper
744 2356 871 2428 iisdem
883 2359 997 2430 oculis
1011 2359 1186 2456 intuetur,

144 2481 271 2553 iisdem
285 2481 417 2577 ingenii
438 2479 575 2554 viribus
590 2496 784 2554 scrutatur.
802 2487 874 2554 Nec
890 2483 1040 2581 simplex
1053 2488 1107 2558 rei
1123 2514 1187 2560 cu-

140 2604 290 2702 juslibet
305 2606 465 2697 scientia,
484 2608 546 2679 sed
568 2605 725 2692 duobus,
740 2621 782 2678 ut
801 2609 851 2679 ita
867 2607 1000 2700 dicam,
1017 2612 1188 2707 gradibus

143 2730 190 2803 ad
212 2731 322 2803 finem
340 2732 568 2830 propositum
591 2732 836 2823 ascendimus,
858 2733 992 2805 scilicet
1020 2751 1061 2807 ut
1082 2739 1189 2834 quid·

144 2855 233 2954 quid
244 2856 289 2927 de
303 2881 346 2928 ea
359 2882 399 2928 re
408 2857 509 2928 nosci
521 2857 635 2954 possit
648 2872 758 2954 atque
776 2857 936 2954 intelligi,
950 2859 1191 2957 intelligamus

145 3005 187 3052 ac
209 3005 413 3053 noscamus.

194 3105 247 3177 sit
269 3104 375 3177 nobis
392 3106 557 3204 exemplo
573 3107 697 3204 planta
716 3106 882 3204 quaedam
901 3107 1060 3181 herbarii
1076 3111 1192 3183 oculis

147 3229 322 3327 subjecta.
347 3233 414 3304 Hic
435 3234 596 3332 primum
617 3233 796 3323 radicum,
823 3234 995 3325 caulium,
1021 3235 1192 3307 foliorum

148 3371 368 3428 structuram
394 3382 435 3448 ac
457 3358 732 3456 dispositionem
758 3357 935 3455 inquiret,
962 3373 999 3430 et
1020 3359 1118 3431 lloris
1139 3359 1194 3430 di-

152 3505 273 3552 versas
296 3495 417 3579 partes
442 3481 620 3554 resecabit
645 3508 802 3581 quarum
832 3507 1027 3553 numerum
1054 3509 1096 3555 ac
1121 3484 1195 3556 for·

155 3630 252 3676 mam
273 3604 435 3698 notabit3
466 3632 550 3679 mox
572 3607 752 3707 penitiora
777 3622 813 3678 et
835 3606 1080 3679 reconditiora
1101 3634 1198 3681 soru-

154 3728 302 3822 tabitur‚
323 3745 534 3804 contextum
559 3757 691 3830 nempe
715 3730 891 3803 fibrarum
916 3757 958 3803 ac
983 3732 1197 3804 cellularum

153 3851 259 3950 (quas
272 3852 426 3952 dicunt),
449 3879 560 3952 quam
574 3862 650 3951 jam
667 3854 795 3951 nequit
814 3855 1008 3926 oculorum
1022 3855 1115 3926 acies
1133 3879 1199 3953 per

152 4001 190 4047 se
204 3975 476 4075 deprehendere
493 3979 562 4049 nisi
580 3978 701 4051 vitreis
718 3979 893 4052 machinis
912 3977 1054 4075 objecta
1070 3980 1105 4049 in
1122 4005 1199 4052 ma·

151 4100 210 4195 jus
228 4100 444 4197 augentibus
463 4102 672 4199 adjuvetur3
695 4118 880 4201 postremo
900 4128 942 4173 ex
967 4102 1101 4200 quibus
1127 4105 1198 4175 ele·

156 4225 286 4296 mentis
305 4241 471 4298 constent
491 4225 637 4323 singulae
653 4242 774 4326 partes
800 4227 949 4325 (organa
968 4229 1083 4301 nostri
1104 4252 1200 4300 nun-
