2902 5016
498 458 537 508 llll
556 458 769 510 Pnttusorntct
788 458 943 512 ruuntffls

246 1208 466 1297 Didicimus‚
502 1208 664 1306 exempla
692 1206 874 1305 praebente
900 1234 942 1281 ac
968 1209 1069 1281 velut
1088 1211 1244 1282 docente

198 1333 379 1427 Lucretio,
399 1330 539 1429 poesim
561 1332 651 1402 adeo
670 1356 744 1402 non
771 1356 792 1402 a
812 1331 1059 1431 philosophia,
1076 1349 1118 1404 ut
1138 1333 1244 1406 multi

198 1456 406 1542 voluerunt,
422 1453 633 1544 abhorrere,
646 1470 688 1527 ut
706 1471 833 1526 contra
848 1456 943 1527 inter
952 1482 990 1528 se
1003 1458 1143 1556 optime
1154 1483 1244 1529 con·

197 1595 348 1676 gruunt,
380 1578 581 1651 dummodo
609 1603 652 1649 ea
673 1578 718 1648 sit
737 1579 969 1678 philosophia
999 1606 1081 1678 quae
1107 1585 1243 1654 nonin

198 1702 417 1775 obscuritate
441 1728 482 1773 ac
509 1702 605 1774 velut
626 1703 664 1773 in
690 1703 894 1801 pulvisculo
916 1730 1038 1775 rerum
1058 1708 1243 1778 recondita
1290 1717 1300 1739 ⁰

198 1852 235 1898 se
252 1827 447 1915 contiueat,
469 1851 588 1922 neque
607 1827 644 1896 in
663 1826 762 1915 imis,
791 1841 832 1896 ut
859 1827 908 1897 ita
936 1827 1079 1918 dicam,
1105 1846 1245 1902 naturae

197 1948 393 2022 visceribus
424 1950 631 2039 delitescat,
672 1949 735 2020 sed
761 1951 884 2022 divina
911 1950 1165 2050 humanaque,
1202 1971 1244 2026 ut

197 2090 294 2162 sunt,
315 2075 595 2173 contempletur,
616 2100 673 2146 res
691 2099 764 2145 non
783 2075 987 2171 cognitione
1003 2091 1158 2168 tantum,
1181 2079 1243 2150 sed

197 2200 435 2273 admiratione
454 2215 490 2271 et
509 2224 633 2271 amore
655 2198 890 2295 dignissimas.

245 2331 334 2413 Quae
349 2324 513 2423 profecto
539 2339 581 2395 ut
602 2348 676 2396 non
697 2323 816 2394 omnis
836 2348 878 2393 ac
906 2323 982 2393 sola
1011 2325 1244 2424 philosophia

198 2451 255 2536 sit,
272 2463 415 2547 partem
439 2464 560 2518 tamen
576 2472 652 2518 esse
670 2446 911 2545 philosophiae
925 2472 1033 2518 nemo
1055 2473 1129 2519 non
1152 2450 1244 2523 fate·

197 2572 309 2664 bitur,
327 2572 585 2643 nobilissimam
598 2597 682 2642 sane
692 2596 735 2641 ac
744 2572 1053 2670 pretiosissimam,
1065 2599 1085 2645 e
1098 2577 1241 2666 ceteris,

198 2712 240 2767 ut
260 2697 387 2768 florem
402 2711 438 2767 et
456 2696 614 2768 fructum
633 2693 864 2783 eradicibus,
886 2711 1127 2786 enascentem‚
1146 2713 1183 2769 et
1197 2698 1244 2769 ab

197 2820 429 2893 inferioribus
443 2819 490 2891 ad
508 2819 718 2891 sublimiora
741 2819 963 2891 tendentem.
987 2820 1040 2891 Ad
1061 2846 1186 2916 quam,
1202 2839 1245 2895 ut

198 2947 343 3044 opinor,
360 2970 434 3016 non
448 2944 546 3015 docti
568 2959 709 3015 tantum
733 2943 912 3030 homines,
939 2942 1101 3039 longiore
1124 2959 1161 3015 et
1183 2969 1245 3016 ex·

199 3066 386 3163 quisitiore
411 3064 614 3136 studiorum
643 3080 818 3161 apparatu
845 3064 1016 3163 perpoliti
1030 3061 1245 3136 admittendi

199 3202 302 3278 sunt3
324 3211 409 3258 nam
427 3186 584 3258 melioris
605 3189 669 3258 aevi
687 3186 864 3259 beneficio
887 3213 961 3259 non
983 3189 1057 3283 jam
1077 3188 1102 3258 ii
1119 3214 1246 3259 sumus

198 3311 262 3406 qui
279 3327 469 3407 angustum
486 3327 627 3382 tantum
645 3313 860 3410 sapientium
878 3312 1053 3382 circulum
1072 3336 1245 3407 agnosca·

200 3460 292 3524 mus,
312 3449 451 3506 ceteros
469 3459 608 3524 omnes,
630 3450 671 3505 ut
690 3434 819 3506 stultos
837 3433 1082 3506 homunculos
1099 3434 1246 3527 (idiotas

197 3557 295 3656 apud
319 3560 462 3628 Graecos
478 3557 647 3629 dicebant
660 3558 836 3629 fastidiosi
852 3558 998 3655 quidam
1017 3558 1245 3657 philosophi)

197 3682 298 3755 omni
322 3682 517 3780 disciplinae
543 3708 585 3754 ac
615 3682 787 3755 doctrinae
812 3680 934 3754 fructu
960 3682 1126 3780 indignos
1146 3683 1244 3753 arbi·

198 3821 349 3896 tremur,
369 3807 435 3877 etsi
455 3811 663 3878 secretiores
681 3822 818 3878 naturae
836 3823 955 3905 partes
975 3806 1159 3898 accedere,
1181 3833 1245 3878 seu

197 3930 363 4019 sortnnae,
375 3955 437 4001 seu
446 3931 637 4027 frigidioris
646 3931 826 4027 sanguinis
833 3933 920 4002 vitio
933 3935 943 4018 (
948 3948 987 4002 ut
996 3947 1113 4028 poetae
1122 3929 1243 4003 verbis

199 4056 293 4150 utar)
311 4080 544 4152 nequaquam
566 4071 630 4126 aut
652 4056 837 4152 potuerint
858 4071 921 4126 aut
940 4055 1133 4127 voluerint.
1154 4060 1246 4126 Sunt

200 4178 294 4247 enim
313 4179 416 4249 multi
432 4179 525 4250 circa
543 4205 609 4250 nos
624 4178 808 4250 laboribus
823 4193 859 4252 et.
874 4180 968 4251 curis
984 4180 1147 4277 impliciti
1164 4180 1245 4275 qui·
