2902 5016
198 466 230 514 44
498 454 539 505 llll
557 452 773 505 PHILOSOPlllCl
791 453 949 508 retunsis

199 606 262 654 seu
282 592 412 679 praeter
434 600 566 674 corpus
591 588 628 645 et
652 574 760 645 inane
784 600 859 646 non
882 600 958 648 esse
977 578 1121 649 tertiam
1138 592 1247 649 natu·

198 733 276 780 ram
294 729 376 803 quae
394 703 536 775 diversa
552 699 598 771 ab
616 699 674 770 his
690 725 757 798 per
775 725 812 771 se
829 700 955 772 existat
977 728 985 770 ε

303 904 437 958 Praeterea
451 898 490 954 nil
502 901 544 954 est
556 897 630 970 quod
644 895 730 968 possis
744 893 836 951 dicere
851 895 885 951 ab
898 896 973 951 omni

304 993 427 1062 Corpore
438 987 593 1060 sejunctum
605 993 795 1056 secretumque
811 999 870 1040 esse
882 985 916 1041 ab
930 985 1018 1054 inani,

304 1076 386 1152 Quod
398 1077 476 1149 quasi
491 1076 570 1132 tertia
585 1075 622 1131 sit
635 1088 753 1130 numero
769 1081 866 1128 natura
879 1083 998 1146 reperta.

304 1171 376 1225 Nam
390 1164 584 1239 quodcumque
598 1162 659 1233 erit,
675 1176 733 1218 esse
745 1161 847 1235 aliquid
857 1161 969 1219 debebit
982 1163 1010 1220 id
1020 1163 1110 1237 ipsum
1124 1169 1174 1233 (1);

199 1365 263 1412 seu
280 1338 416 1410 sernina
436 1362 510 1409 non
530 1336 672 1408 infinita
691 1336 887 1431 figurarum
906 1336 1078 1408 varietate
1098 1337 1193 1408 inter
1213 1360 1253 1406 se

199 1464 346 1536 differre
366 1490 374 1533 :

304 1657 385 1734 Quod
402 1659 533 1733 quoniam
548 1657 639 1726 docui,
656 1673 766 1730 pergam
780 1665 945 1714 connectere
956 1673 1017 1715 rem
1027 1673 1089 1732 quar

305 1753 344 1805 Ex
357 1748 410 1804 hoo
423 1757 487 1819 apta
500 1745 584 1804 iidem
601 1747 692 1815 ducat,
707 1745 857 1818 primordia
871 1761 965 1804 rerum

304 1839 395 1896 Finita
406 1838 512 1894 variare
523 1837 673 1909 figurarum
687 1836 805 1893 ratione.

305 1926 388 1998 Quod
401 1926 425 1983 si
440 1942 499 1983 non
513 1926 551 1983 ita
562 1925 608 1995 sit,
621 1941 731 1983 rursum
740 1925 800 1998 jam
814 1925 920 1983 semina
935 1926 1063 1999 quedam

292 2018 372 2075 ‘Esse
386 2017 495 2073 iniinito
511 2015 649 2074 debebunt
663 2015 786 2088 corporis
800 2023 894 2072 auctu.

305 2108 432 2179 Namque
446 2105 543 2173 eadem
556 2106 640 2162 unius
649 2105 770 2179 cujusvis
783 2105 811 2160 in
824 2105 958 2162 brevitate

306 2195 435 2269 Corporis
449 2195 523 2252 inter
535 2211 564 2252 se
578 2195 698 2253 multum
713 2195 818 2252 variare
830 2194 927 2270 figurae

304 2287 369 2341 Non
382 2291 507 2359 possunt,
523 2288 577 2340 etc.
593 2287 645 2354 (a),

200 2482 264 2529 seu
284 2482 357 2528 non
379 2456 524 2528 sensiles
547 2481 624 2529 esse
647 2472 802 2547 atomon
828 2481 870 2527 ex
892 2457 935 2528 iis
956 2471 1079 2529 autem
1097 2457 1249 2528 insensi-

199 2582 295 2653 libus
315 2582 455 2653 sensilia
474 2583 636 2678 generari
661 2609 669 2650 :

306 2772 412 2829 Deinde
426 2788 466 2838 ea,
482 2772 633 2829 seminibus
651 2772 697 2844 qui
709 2772 809 2828 sensile
821 2786 901 2844 posse
915 2769 1001 2828 creari

306 2861 486 2918 constituunt
499 2878 582 2935 porro
596 2877 629 2919 ex
641 2862 701 2917 aliis
713 2861 814 2918 sentire
827 2861 921 2927 suetis,

306 2949 398 3007 Mollia
409 2949 468 3022 jam
482 2948 600 3019 iaciunt3
616 2966 682 3006 nam
693 2965 791 3006 sensus
800 2949 927 3022 jungitur
939 2947 1031 3007 omnis

307 3040 474 3108 Visceribus,
488 3040 590 3108 nervis,
606 3039 693 3105 venis,
709 3055 771 3112 quae
785 3046 884 3096 cuncta
896 3037 1021 3095 videmus

306 3129 400 3185 Mollia
413 3128 524 3184 mortali
540 3129 689 3185 consistere
704 3143 820 3200 corpore
837 3136 920 3184 oreta.

306 3205 362 3275 Sed
374 3224 470 3274 tamen
482 3225 541 3274 esto
551 3218 609 3290 jam
624 3232 704 3289 posse
717 3217 777 3273 haec
789 3225 891 3274 aeterna
904 3230 1035 3272 manere:

307 3306 413 3380 Nempe
423 3313 518 3362 umen
533 3305 634 3363 debent
647 3314 695 3363 aut
705 3321 817 3362 sensum
832 3306 919 3379 partis
933 3305 1045 3370 habere,
1056 3313 1109 3360 etc.
1122 3307 1169 3375 (a).

202 3483 271 3555 Sed
281 3484 386 3582 plura
395 3483 558 3582 proferre
566 3484 687 3583 pudor
697 3499 793 3556 vetat
803 3498 839 3556 et
849 3485 948 3556 velut
958 3482 1123 3581 quaedam
1133 3497 1250 3581 poetae

203 3608 399 3699 miseratio,
416 3633 525 3705 quem
541 3607 689 3680 laudare
703 3611 740 3680 in
755 3608 825 3679 hac
839 3606 1158 3690 commentatione,
1174 3631 1249 3677 non

203 3731 429 3804 irridendum
455 3731 657 3830 legentibus
680 3734 824 3806 tradere
842 3733 1001 3824 institui;
1023 3748 1059 3805 et
1084 3732 1151 3804 has
1170 3757 1248 3802 ma·

243 4031 284 4114 (t)
306 4034 438 4110 Luorct,
453 4035 483 4108 l,
498 4036 559 4096 tao
576 4033 734 4114 (Lacbmp

243 4131 286 4209 (2)
307 4132 440 4205 Luccei,
454 4131 479 4191 il
487 4176 498 4207 ,
509 4134 570 4194 tta
587 4131 742 4211 (Lachmi).

242 4227 285 4309 (3)
302 4229 431 4302 Lucret,
444 4230 490 4306 lt,
503 4231 563 4293 902
580 4229 738 4308 (Lachmp
