2902 5016
400 462 588 516 coanntotttt
605 462 688 514 APUD
705 461 891 514 LUGRETIUM.
1141 465 1168 514 11

122 589 314 688 Theognis,
341 583 567 683 phocylides,
597 583 722 674 Solon,
747 583 977 680 Pythagoras,
1004 583 1194 656 nonnulli

121 713 184 786 alii
198 713 298 812 apud
317 715 461 784 Graecos
476 709 651 798 fecerunt,
669 706 802 805 quibus
822 708 1046 807 respondent
1072 709 1171 807 apud

122 845 305 911 Romanos
318 835 546 937 pythagorici
563 832 740 932 poematis
760 847 888 904 auctor
895 833 1030 933 Appius
1037 839 1169 926 Caeeus,

120 979 158 1036 et
187 963 247 1036 ille
273 962 319 1035 de
345 961 473 1033 litteris
494 958 614 1031 latinis
632 957 823 1056 multiplici
842 983 885 1030 ex
912 973 1015 1055 parte
1033 960 1170 1059 optime

122 1089 274 1162 meritus
298 1087 454 1174 Ennius,
479 1085 544 1183 qui
561 1087 815 1182 Protrepticnm
831 1109 974 1154 carmen
993 1085 1067 1156 suis
1084 1110 1170 1185 ope-

120 1214 223 1288 ribus
241 1211 431 1311 adscripsit
450 1211 522 1308 (1);
540 1207 672 1281 deinde
689 1207 796 1280 altius
814 1213 998 1306 insurgere
1016 1209 1168 1300 audeat,

122 1355 159 1413 et
177 1338 337 1410 firmiore
365 1335 473 1410 oculo
499 1359 580 1433 quae
605 1358 692 1407 vera
710 1348 815 1425 sunt,
835 1348 876 1406 ut
894 1334 1007 1405 solem
1031 1335 1168 1433 aquila,

122 1465 281 1556 intueri,
301 1489 418 1561 quum
445 1459 706 1558 Xenophanes,
723 1459 972 1549 Parmenides,
989 1462 1171 1561 Empedo-

122 1589 196 1662 cles
217 1603 386 1671 naturam
413 1611 536 1658 rerum
559 1583 721 1657 versibus
747 1582 1055 1683 complectantur,
1080 1611 1172 1683 quos

123 1711 345 1811 sequebatur
360 1711 512 1782 fortasse
529 1709 664 1781 Ennius
680 1709 718 1781 in
732 1708 965 1806 Epicharmo,
986 1725 1083 1782 certe
1099 1717 1171 1782 Lu·

123 1837 277 1929 cretius3
309 1852 388 1908 tum
421 1835 570 1908 demum
605 1833 653 1906 ad
689 1833 924 1907 describenda
958 1849 1100 1907 tantum
1131 1860 1173 1908 ea

124 1960 258 2060 quibus
289 1959 509 2059 explicandis
535 1959 654 2058 impar
681 1960 726 2030 sit
757 1983 834 2030 sese
857 1975 1058 2052 convertat,
1087 1986 1172 2033 cum

123 2093 232 2161 Arato
260 2087 343 2160 coeli
363 2085 558 2174 miracula,
584 2110 669 2157 cum
688 2083 868 2157 Nicandro
894 2087 968 2157 vim
996 2088 1173 2161 remedio·

123 2237 219 2304 rum,
240 2237 325 2284 cum
343 2210 581 2284 Eratosthene
600 2209 733 2281 artium
757 2210 953 2308 originem,
981 2211 1173 2310 inquibus

124 2337 307 2410 imitandis
321 2350 401 2408 tum
413 2333 522 2407 ambo
536 2339 729 2424 Varrones,
748 2349 828 2406 turn
837 2334 913 2435 ipse
926 2337 1074 2426 Tullius,
1087 2338 1174 2410 alte-

125 2486 204 2533 ram
218 2476 255 2534 et
269 2461 445 2557 majorem
461 2459 611 2556 gloriam
630 2471 716 2531 mox
735 2475 991 2558 occupaturus,
1014 2464 1173 2536 multum

125 2611 245 2686 operae
270 2599 485 2685 posuerunt.
505 2590 595 2657 Nam
616 2584 662 2657 de
678 2586 826 2681 Virgilio
845 2585 932 2658 alias
945 2587 1121 2664 dicemus.

172 2712 331 2784 Alteram
346 2725 469 2782 autem
482 2709 622 2805 generis
635 2709 799 2804 ejusdem
812 2712 1046 2807 partitionem
1064 2713 1172 2787 facie-

13 2905 16 2911 ,
124 2834 188 2908 bat
210 2835 267 2908 vir
286 2834 482 2935 superioris
505 2834 638 2922 saeculi,
660 2833 765 2929 cujus
783 2833 912 2929 laudes
929 2837 992 2911 illo
1009 2853 1173 2937 tempore

124 2960 207 3061 plus
223 2985 328 3057 aequo
342 2958 530 3032 celebratae
545 2957 643 3057 apud
660 2973 840 3031 nostrates
850 2959 1032 3035 oblivione
1045 2965 1173 3063 paula-

126 3087 193 3159 tim
214 3084 439 3158 obsolescere
455 3099 492 3157 et
506 3085 682 3181 exstingui
693 3082 877 3177 videntur,
888 3111 955 3158 nee
974 3088 1170 3178 immerito,
1241 3152 1249 3163 .

127 3210 157 3282 si
174 3209 264 3309 quid
280 3210 430 3282 sentiam
448 3223 572 3307 aperte
589 3208 752 3307 profiteri
765 3210 871 3282 liceat
883 3210 949 3309 (2).
969 3214 1041 3302 Qui
1056 3242 1172 3313 quum

127 3333 381 3407 didascalicam
397 3334 537 3434 poesim
557 3359 638 3406 eam
652 3360 727 3407 esse
749 3334 885 3408 diceret
910 3363 991 3434 quae
1010 3339 1174 3412 versibus

127 3483 204 3558 qua
218 3484 308 3530 vera
323 3459 398 3529 sint
415 3455 650 3529 describenda
678 3456 745 3528 sibi
763 3475 959 3557 proponat,
985 3461 1054 3533 tria
1077 3463 1114 3533 in
1132 3490 1174 3536 ea

168 3660 208 3744 (l)
230 3659 414 3724 Condiderat
437 3666 468 3722 et
485 3661 527 3724 M.
550 3661 624 3723 Cato
648 3662 783 3723 Carmen
806 3663 842 3723 de
856 3664 984 3726 moribus
1006 3665 1077 3744 (vid.
1104 3670 1172 3731 Aul.

128 3759 205 3825 Gell.
225 3762 277 3836 XI,
292 3759 337 3840 2),
357 3757 616 3838 cujnsrarissima
629 3757 816 3839 fragmenta,
836 3761 968 3824 sotadeis
980 3764 1125 3845 versibus,
1140 3774 1175 3828 ut

127 3855 283 3939 opinatur,
303 3856 468 3937 descripta,
483 3857 612 3937 collegit
624 3861 719 3938 atque
743 3857 839 3920 edidit
856 3859 918 3921 Alf.
934 3859 1171 3938 Fleckeisenius‚

127 3953 161 4016 in
175 3954 325 4036 opusculo
340 3953 424 4035 quod
438 3953 616 4016 inscribitur
634 3955 809 4018 Catoniana
820 3961 922 4037 poesis
940 3959 1088 4039 reliquia,
1104 3961 1175 4044 Lip-

127 4051 192 4130 siae,
207 4054 298 4116 1854.

170 4149 209 4231 (ἓ)
229 4149 344 4214 L'abbe
357 4153 499 4227 Batteux,
515 4152 675 4233 Principes
692 4153 728 4216 de
749 4154 941 4234 Litte'ratare,
961 4159 993 4219 3ο
1005 4157 1116 4240 partie.
1133 4163 1173 4222 De

126 4251 159 4313 la
172 4250 276 4332 poesie
287 4249 475 4332 didactique.
