2902 5016
470 466 660 520 conburunt:
676 467 758 518 APUD
776 468 962 521 Lucuurtttu.
1210 476 1237 525 71

196 593 265 665 bus
283 593 328 664 ad
347 591 509 687 longiora
528 590 646 662 studia
662 591 779 663 otium
798 591 961 683 deficiat;
982 608 1066 666 sunt
1084 593 1237 682 feunnae,

196 743 338 793 sorores
352 741 566 812 uxoresque,
588 717 715 786 animae
733 732 864 787 nostrae
877 742 960 814 pars
971 718 1086 789 multo
1099 718 1238 808 melior,

196 868 286 939 quas
302 857 343 912 ut
359 865 432 911 non
447 840 618 938 Hypatias
637 864 726 930 esse,
746 840 957 936 neutiquam
976 857 1097 914 tamen
1115 868 1240 914 earum

196 991 316 1036 rerum
350 967 499 1035 omnino
524 963 632 1035 rudes
664 964 816 1036 velimus
851 965 897 1037 de
926 966 1059 1062 quibus
1084 993 1243 1065 persaepe

196 1090 290 1160 inter
314 1091 449 1160 amicos
474 1090 589 1160 nostri
616 1087 700 1159 laris
724 1088 887 1187 hospites
914 1092 1050 1162 mentio
1072 1092 1133 1176 fit,
1157 1117 1245 1189 prae-

197 1214 320 1283 sertim
337 1237 452 1309 quum
475 1210 722 1282 doctrinarum
752 1236 877 1283 earum
901 1213 930 1282 is
949 1212 1101 1303 fructus,
1126 1239 1167 1286 ea
1190 1217 1245 1287 vis

197 1335 241 1406 sit
256 1350 297 1405 ut
317 1334 581 1433 prudentiores
602 1333 779 1417 melioreS,
801 1333 989 1423 feliciores,
1012 1337 1177 1432 quisquis
1194 1339 1245 1406 eis

198 1458 394 1547 imbuatur,
423 1458 569 1530 faciant.
591 1463 651 1528 Est
674 1474 709 1529 et
730 1464 906 1529 immensa
937 1458 998 1530 illa
1032 1461 1243 1545 multitudo,

197 1607 400 1680 pauperum
417 1582 499 1654 dico
521 1607 563 1654 ac
582 1581 840 1672 laborantium,
861 1609 970 1681 equa
991 1584 1091 1656 velut
1108 1601 1245 1657 vastoe

198 1706 335 1802 gurgite
357 1707 465 1804 pauci
488 1706 686 1777 admodum
708 1709 937 1803 emergimuS,
960 1708 1094 1805 quihus
1114 1734 1243 1807 paren-

199 1844 278 1900 tum
303 1832 526 1928 optimorum
543 1845 579 1901 et
596 1831 661 1901 Dei
679 1832 940 1929 omnipotentis
959 1831 1135 1903 beneficio
1158 1859 1246 1904 con-

199 1954 278 2049 tigit
297 1969 339 2024 ut
354 1953 473 2025 studio
493 1978 534 2024 ac
552 1953 748 2051 disciplinae
766 1979 989 2026 vacaremus.
1010 1962 1102 2027 Num
1124 1956 1176 2026 illi⁴
1190 1972 1246 2027 ta·

201 2103 283 2149 men
307 2077 365 2147 his
384 2079 495 2149 animi
511 2078 643 2176 opibus
667 2094 777 2175 atque
801 2079 981 2150 alimentis
1008 2081 1161 2152 omnino
1183 2106 1246 2152 ca-

200 2201 352 2273 rebant?
376 2207 420 2273 At
450 2219 577 2274 contra
602 2227 645 2273 ea
679 2203 938 2302 philosophiae,
966 2219 1007 2275 ut
1042 2205 1244 2299 religionis,

200 2327 380 2424 praecipua
398 2326 477 2398 laus
499 2342 554 2397 est
575 2342 617 2397 ut
634 2352 718 2397 cum
740 2327 862 2398 multis
882 2328 1184 2419 communicetur,
1212 2343 1249 2400 et

200 2454 374 2522 continuo
394 2452 516 2550 plures
532 2475 597 2522 sua
615 2450 722 2539 luce,
749 2466 789 2521 ut
807 2451 860 2523 sol
879 2451 1010 2540 radiis,
1035 2450 1190 2522 illustret
1207 2476 1249 2522 ac

200 2576 393 2674 compleat.

250 2697 301 2768 Ad
325 2723 387 2770 eos
406 2714 525 2770 tamen
552 2701 713 2784 animos,
735 2724 829 2797 quos
850 2700 943 2789 dixi,
970 2699 1135 2769 doctrina
1165 2695 1248 2769 eru-

202 2821 365 2912 diendos,
390 2827 576 2922 praeceptis
594 2823 862 2912 informandos,
885 2821 1070 2894 erroribus
1088 2847 1130 2892 ac
1153 2823 1249 2893 vitiis

201 2946 420 3043 purgandos,
438 2949 527 3045 quid
542 2949 619 3046 ipsa
635 2949 736 3045 poesi
757 2948 877 3044 aptius
892 2961 954 3018 ant
970 2946 1154 3044 potentius
1173 2970 1249 3017 esse

202 3074 328 3168 possit,
348 3098 463 3168 quum
483 3071 720 3143 delectatione
736 3072 924 3143 indoctum
945 3071 1080 3168 pariter
1103 3095 1144 3139 ac
1158 3069 1247 3141 doc·

204 3215 281 3269 tum
298 3197 471 3278 deleniat,
497 3211 546 3267 et
562 3199 737 3268 suavitate
763 3197 900 3293 capiat,
925 3194 1107 3266 interdum
1132 3195 1249 3290 rapiat

203 3323 463 3393 admiratione?
485 3327 564 3392 Non
587 3320 688 3419 quod
708 3346 765 3392 me
786 3321 895 3391 lateat
915 3322 1004 3417 quid
1029 3327 1169 3419 possint
1185 3337 1249 3395 aut

203 3445 476 3517 efficiantsacrae
488 3444 725 3517 orationesde
738 3443 915 3531 docenda,
932 3448 1153 3545 explicanda,
1165 3474 1248 3522 sua-

203 3567 321 3641 denda
346 3571 516 3666 religione
547 3567 710 3667 quotidie
739 3570 775 3640 in
808 3568 948 3664 templis
972 3571 1127 3661 habitae,
1160 3598 1250 3670 quas

204 3709 324 3765 tamen
347 3714 420 3761 non
441 3714 569 3761 omnes
593 3689 719 3760 audire
746 3691 833 3760 satis
855 3707 1028 3789 possunt,
1059 3692 1162 3763 multi
1193 3691 1251 3763 his

205 3811 429 3912 temporibus
444 3809 611 3911 pluribus
636 3810 682 3881 de
708 3813 825 3882 causis
851 3812 1039 3884 fastidiunt
1065 3828 1102 3883 et
1121 3838 1250 3912 asper-

204 3954 351 4009 nantur.
374 3943 445 4009 Nec
476 3937 585 4034 magis
607 3936 735 4032 ignoro
762 3960 871 4034 quarn
888 3938 1114 4035 praestantia,
1132 3937 1247 4023 utilia,

201 4062 375 4157 jucunda,
397 4086 489 4161 saepe
510 4060 742 4160 philosophia
761 4060 988 4158 pedestribus
1007 4060 1247 4149 sermonibus,

203 4183 471 4279 elegantissimis
499 4197 645 4270 tamen,
665 4181 849 4271 docuerit3
870 4183 955 4253 uovi
972 4181 1114 4253 libellos
1132 4180 1175 4251 tle
1209 4207 1250 4250 u·
