2902 5016
471 482 666 539 conutttontt
677 484 758 536 APUD
775 483 963 536 tucauttuu.
1210 483 1240 532 ta

120 701 123 709 Ι
196 611 334 709 judicio
348 636 450 682 suam
466 609 737 709 philosophiam
750 609 901 705 poeticis
914 605 1099 706 leporibus
1113 630 1243 677 ornare

198 737 415 826 instituerat,
432 750 494 806 aut
513 736 636 832 potius
661 733 830 832 praeclara
845 747 986 831 reperta
1006 731 1244 828 grandiloqua

198 867 305 934 Musae
319 884 408 932 voce
431 859 529 958 apud
542 858 711 930 homines
729 855 996 929 commendare.
1015 856 1088 944 Qui
1101 870 1244 926 rectene

199 1012 244 1058 an
261 1010 454 1085 perperam
465 982 693 1080 judicaverit,
712 960 1006 1078 imitatoremque
1017 1005 1123 1051 suum
1133 981 1171 1051 in
1178 980 1245 1054 bo·

200 1135 284 1181 nam
304 1134 351 1180 an
370 1111 407 1180 in
428 1108 561 1180 malam
583 1109 679 1179 viam
705 1131 828 1179 secum
848 1106 1008 1200 traxerit,
1036 1129 1118 1176 mox
1143 1105 1244 1178 vide-

200 1234 333 1306 bimus.
348 1232 515 1304 Habebat
527 1247 650 1303 autem
665 1247 788 1304 noster
802 1231 839 1304 in
854 1229 1036 1302 veteribus
1048 1229 1118 1300 illis
1130 1231 1247 1327 poetis

200 1360 315 1431 multa
337 1383 486 1456 quoque
510 1356 662 1428 feliciter
685 1355 732 1426 ab
750 1357 801 1427 eis
820 1357 965 1428 inventa
990 1347 1080 1453 quae*
1096 1352 1248 1426 feliciter
1346 1437 1347 1445 ἵ

199 1484 415 1571 imitaretur,
441 1481 601 1580 amplam
627 1480 887 1552 sententiarum
912 1495 1023 1576 atque
1049 1479 1246 1574 imaginum

201 1609 327 1679 silvam
342 1605 475 1704 quibus
487 1605 524 1677 in
537 1613 664 1701 agrum
677 1630 784 1676 suum
795 1605 1033 1702 comportatis
1042 1603 1244 1677 ditesceret.

201 1729 341 1819 Quibus
367 1729 480 1801 fretus
504 1729 677 1826 exemplis
709 1744 745 1799 et
773 1729 912 1826 egregia
944 1729 1084 1827 proprii
1115 1727 1249 1825 ingenii

201 1855 339 1942 indole,
374 1854 422 1925 ad
452 1854 553 1952 quod
585 1853 767 1949 fastigium
793 1852 1090 1952 philosophicum
1116 1876 1248 1951 poema

202 1982 371 2072 evexerit,
387 2006 484 2051 nunc
498 1979 746 2077 quaerendum,
763 1978 861 2050 etad
876 2002 1002 2050 verum
1016 1977 1128 2073 hujus
1141 2002 1249 2077 opus·

202 2105 274 2176 culi
294 2106 524 2202 propositum
542 2103 836 2200 aggrediendum.
858 2107 940 2191 Qua
959 2103 1005 2175 de
1022 2127 1061 2174 re
1078 2102 1128 2173 sic
1147 2127 1248 2174 com-

203 2228 410 2300 modissime
432 2242 652 2299 tractaturus
673 2225 766 2297 mihi
790 2226 935 2314 videor,
960 2228 993 2297 si
1017 2227 1177 2324 primum
1203 2225 1249 2297 de

203 2368 415 2450 argumento
434 2378 476 2424 ac
499 2353 647 2423 materie
664 2351 833 2422 carminis
859 2350 1081 2441 disseruero,
1104 2365 1188 2448 post
1204 2350 1251 2421 de

203 2477 319 2550 forma
342 2500 385 2548 ac
404 2455 641 2574 dispositione
667 2476 800 2573 operis,
827 2488 1013 2571 postremo
1036 2473 1083 2545 de
1106 2472 1253 2571 dicendi

204 2626 349 2697 genere;
364 2626 437 2698 qua
446 2601 639 2699 partitione
650 2624 709 2670 ars
719 2613 794 2670 tota
804 2601 981 2697 poematis
991 2597 1196 2694 cujuslibet,
1209 2613 1251 2669 ut

204 2723 391 2810 orationis,
412 2725 631 2808 continetur.
653 2721 756 2794 Unde
774 2722 852 2794 fore
872 2748 977 2820 spero
997 2738 1038 2793 ut
1058 2723 1250 2794 manifesto

204 2860 377 2942 appareat
403 2844 537 2942 quibus
562 2843 759 2917 virtutibus
788 2844 930 2917 efficere
952 2846 1067 2945 possit
1091 2845 1257 2917 carmine¹

203 2969 444 3069 philosophus
463 2970 566 3061 illud,
583 2969 763 3067 quidquid
777 2985 843 3061 est,
860 2970 962 3068 quod
976 2971 1135 3042 carmine
1157 2970 1252 3043 effici

204 3108 363 3193 oportet,
384 3094 518 3196 quibus
536 3109 658 3166 autem
675 3094 770 3165 vitiis
795 3109 859 3166 aut
884 3094 1068 3167 erroribus
1086 3096 1247 3187 amittat;

205 3232 241 3288 et
260 3216 394 3314 quibus
412 3218 551 3314 legibus
572 3244 615 3290 ac
634 3218 905 3292 conditionibus
923 3219 1156 3293 observandis
1174 3247 1250 3293 non

206 3365 297 3440 opus
312 3355 455 3412 tanturn
469 3340 778 3440 philosophicum,
795 3341 957 3414 versibus
968 3343 1082 3415 invita
1092 3345 1253 3417 Minerva

206 3463 440 3564 descriptum,
454 3490 529 3563 quo
548 3465 639 3537 nihil
653 3464 816 3538 inutilius
835 3493 878 3538 ac
893 3467 1057 3565 putidius
1072 3492 1149 3539 esse
1165 3493 1249 3567 pos·

207 3591 265 3683 sit,
281 3588 345 3662 sed
363 3604 400 3662 et
413 3616 497 3664 vere
515 3591 701 3691 poeticum
717 3589 906 3664 efficiatur.
