2902 5016
308 461 337 509 ta
604 457 645 507 DE
664 456 879 508 rnttrosopfflct
896 453 1051 505 Ponntrts

305 603 435 676 genera
445 577 685 676 distinguebat
699 606 706 648 :
724 579 970 650 historicorum
981 602 1112 676 nempe
1126 577 1352 676 poematum,

304 701 509 799 inquibus,
530 718 572 774 ut
600 705 637 774 in
667 704 802 775 Lucani
833 701 1029 793 Pharsalia,
1060 727 1135 774 non
1157 703 1267 794 deos,
1287 705 1352 776 sed

304 827 472 900 homines
501 843 642 901 tanturn
665 845 808 926 agentes
826 845 935 929 poeta
963 829 1129 920 inducat,
1153 844 1190 900 et
1221 854 1279 901 res
1309 847 1352 902 ut

305 956 490 1026 evenerint
506 971 643 1047 narret,
669 956 770 1028 nullo
782 958 1038 1028 ementitorum
1050 970 1351 1028 ornamentorum

304 1079 533 1175 adjument03
560 1082 643 1153 dein
664 1080 1015 1179 philosophicorum,
1044 1080 1082 1150 in
1110 1079 1244 1178 quibus
1274 1082 1350 1178 pri·

304 1228 407 1274 mum
429 1205 612 1276 Lucretius
628 1181 751 1277 locum
777 1204 960 1295 obtineat;
983 1219 1168 1302 postremo
1185 1204 1349 1276 didascu-

304 1327 462 1417 lr'corum,
484 1355 565 1426 quae
592 1331 732 1426 regulas
748 1356 790 1402 ac
818 1345 997 1430 praecepta
1022 1330 1156 1400 artium
1183 1330 1346 1419 tradant,

303 1455 530 1551 agriculturae
551 1455 647 1547 dico,
671 1471 712 1527 ut
740 1457 926 1551 Georgica.
960 1461 1012 1526 En
1043 1480 1114 1552 qua
1138 1457 1347 1555 partitione,

302 1604 388 1651 cum
406 1581 562 1678 primam
590 1580 668 1676 ejus
689 1595 831 1680 partem
862 1580 1010 1651 minime
1027 1579 1255 1679 probandam
1273 1584 1350 1653 exi·

302 1705 458 1791 stimem,
487 1706 525 1777 id
555 1720 698 1778 tanturn
726 1705 894 1801 colligere
914 1705 1022 1795 volo,
1053 1705 1350 1805 philosophicum

301 1854 433 1928 poema
467 1830 516 1901 ita
551 1855 573 1902 a
600 1831 727 1902 ceteris
756 1829 977 1901 didascalicis
1007 1845 1138 1902 natura
1170 1831 1247 1928 ipsa
1278 1833 1349 1903 dil-

184 1977 186 1981 ’
301 1953 460 2026 ferrent
485 1956 531 2027 de
553 1980 597 2027 eo
625 1955 818 2054 separatim
836 1969 991 2026 tractare
1010 1955 1227 2029 tutoliceat.
1252 1957 1349 2045 Quid

301 2080 421 2176 quod,
443 2094 484 2150 ut
509 2105 626 2180 nuper
641 2080 765 2152 videre
783 2080 863 2167 luit,
887 2094 1025 2150 tantam
1048 2106 1171 2152 rerum
1195 2083 1349 2153 varieta-

300 2219 374 2274 tem
392 2205 570 2296 admittit,
596 2220 652 2277 tot
672 2204 913 2276 diversissima
932 2221 1143 2301 argumenta
1170 2221 1245 2278 tam
1270 2208 1346 2278 lato

300 2327 440 2400 ambitu
454 2330 668 2402 didascalica
685 2331 804 2427 poesis
822 2331 1070 2430 amplectitur?
1093 2331 1158 2402 Vel
1172 2346 1299 2430 poetas
1311 2347 1348 2403 et

274 2478 454 2552 operum
485 2456 610 2527 titulos
643 2480 856 2527 enumerare
885 2457 982 2552 longi
1013 2457 1133 2554 operis
1153 2456 1218 2539 sit3
1247 2457 1345 2554 quod

299 2581 514 2676 neutiquam
534 2580 625 2654 mihi
644 2582 832 2680 proposui.
850 2581 968 2678 Elegi,
993 2606 1061 2680 pro
1079 2582 1168 2653 meis
1191 2580 1342 2671 viribus,

298 2728 373 2775 non
398 2705 509 2777 modo
535 2731 646 2803 genus
670 2707 765 2778 inter
787 2731 937 2804 genera,
967 2708 1081 2779 sedet
1103 2707 1198 2778 inter
1218 2723 1347 2806 poetas

298 2844 444 2928 poetam
460 2857 590 2923 unum,
610 2857 720 2930 aquo
741 2831 877 2904 discam
911 2832 971 2930 (de
986 2858 1049 2930 spe
1065 2848 1273 2929 conatuque
1299 2857 1346 2904 ne

298 2955 459 3054 depellar
469 2956 581 3029 faxint
600 2957 665 3055 dii)
684 2973 910 3056 quatenuset
927 2957 1060 3056 quibus
1073 2957 1345 3030 conditionibus

300 3079 537 3179 philosophiae
554 3107 595 3154 ac
611 3082 730 3182 poesis
740 3084 853 3182 possit
865 3108 941 3155 esse
956 3083 1193 3156 consortium.

344 3980 424 4046 Non
444 3975 554 4072 igitur
577 3975 675 4073 apud
704 3976 875 4072 antiquos
902 3976 982 4048 illos
1006 3975 1263 4048 commorabor
1284 4001 1340 4048 sa·

295 4124 438 4171 orarum
459 4125 583 4171 rerum
610 4099 843 4198 interpretes,
875 4124 895 4171 e
921 4100 1054 4198 quihus
1068 4101 1339 4201 philosophiam

295 4240 414 4296 ortam
428 4250 503 4298 esse
525 4225 610 4297 satis
621 4228 781 4315 constat3
799 4250 866 4298 nec
885 4225 986 4321 quod
1008 4225 1167 4325 Orphica
1178 4226 1338 4301 carmina
