2902 5016
315 449 344 498 ll
611 447 651 498 ott
668 446 882 500 Pultosoptttct
899 448 1055 500 Pouuxrts

312 566 443 656 dicere,
462 566 703 640 nobilissimos
718 569 867 667 quidem
881 583 917 641 et
931 568 1051 641 studio
1070 568 1312 667 dignissimos
1330 575 1358 640 E

313 691 446 790 quibus
462 693 536 764 duo
556 693 664 790 primi
683 719 757 765 non
773 694 929 784 delectu,
952 693 1014 766 sed
1034 695 1258 786 necessitate,
1279 719 1360 766 ver·

274 902 278 907 g
312 816 410 888 sibus
427 817 609 891 doctrinas
628 846 711 892 suas
727 821 1028 913 enuntiaverunt,
1048 820 1160 919 idque
1178 820 1260 892 ideo
1279 834 1360 892 tan·

312 956 390 1014 tum
411 959 453 1015 ut
464 943 637 1017 docerent
651 944 850 1033 audientes,
861 970 935 1018 non
946 959 986 1017 ut
998 945 1231 1033 delectarent,
1243 970 1360 1042 quum

310 1067 401 1139 nulli
413 1068 470 1140 vel
484 1068 611 1142 saltem
626 1071 734 1168 pauci
747 1068 818 1140 illis
835 1066 1061 1168 temporibus
1072 1093 1180 1168 prosa
1194 1069 1360 1141 oratione

312 1192 520 1279 scriberent,
533 1219 575 1265 ac
586 1195 725 1293 primus
735 1199 959 1291 Anaxagoras
967 1192 1239 1293 philosophiam
1253 1193 1361 1291 pede·

312 1332 422 1390 strem
433 1317 485 1390 ire
498 1319 665 1392 docuerit
683 1320 749 1418 (l).
772 1321 874 1392 Unde
887 1319 998 1418 paulo
1018 1319 1178 1417 iniquius
1197 1319 1243 1388 sit
1260 1343 1360 1389 sum·

312 1442 379 1515 mis
401 1442 487 1516 viris
509 1443 598 1517 vitio
620 1460 760 1518 vertere
784 1447 815 1518 si
832 1445 996 1546 poeticos
1015 1445 1158 1542 lepores
1176 1442 1275 1543 apud
1296 1467 1360 1514 eos

312 1566 551 1665 requiramus.
570 1570 678 1658 Quod
688 1585 730 1641 ut
743 1571 781 1641 in
792 1570 1016 1669 Xenophane
1026 1569 1133 1668 plane
1146 1567 1358 1657 concedam,

310 1691 500 1790 Tullioque
530 1694 704 1766 assentiar
734 1697 852 1766 minus
875 1694 985 1766 bonos
1012 1720 1086 1766 esse
1108 1692 1286 1789 judicanti
1304 1689 1359 1788 (2)

311 1842 374 1890 eos
404 1843 528 1890 versus
556 1844 650 1916 quos
680 1820 929 1920 Colophonius
964 1844 1071 1891 senex
1100 1815 1251 1889 fortasse
1283 1841 1358 1888 non

311 1942 465 2042 scripsit,
481 1944 556 2032 sed,
577 1960 618 2016 ut
635 1944 748 2018 verbo
764 1945 933 2042 Diogenis
948 1961 1044 2032 utar,
1062 1936 1274 2040 ἐρῥαψώδησεν
1288 1941 1355 2040 (3),

310 2065 361 2138 ita
378 2067 492 2140 nolim
512 2067 558 2140 ad
580 2070 828 2143 Parmenidem
849 2068 1053 2142 redundare
1081 2067 1267 2138 duriorem
1286 2065 1358 2137 exi-

311 2194 575 2286 stimationem,
597 2211 634 2267 et
662 2197 830 2268 Proclum
860 2196 963 2267 nimii
988 2194 1121 2266 fastidii
1151 2191 1357 2263 insimulem

312 2345 427 2418 quum
446 2318 580 2407 scribat
597 2346 680 2393 eum
695 2346 803 2419 prosa
817 2321 939 2420 potius
959 2344 1072 2418 quam
1088 2319 1232 2417 poetica
1253 2317 1356 2415 loqui

312 2445 476 2517 oratione
490 2446 541 2543 (4)

359 2571 470 2668 Cujus
492 2597 539 2643 ne
557 2573 593 2643 in
617 2572 801 2670 praestauti
823 2570 886 2643 illo
909 2595 951 2642 ac
969 2568 1160 2667 magnifico
1177 2567 1357 2667 prooemio

310 2674 515 2772 commorer
539 2697 585 2771 ab
604 2698 682 2770 aliis
696 2697 772 2794 jam
787 2697 872 2768 satis
884 2692 1047 2787 laudato,
1063 2694 1109 2767 de
1121 2719 1165 2766 eo
1184 2707 1305 2765 tamen
1319 2691 1354 2762 id

309 2821 469 2922 primum
487 2823 595 2896 velim
612 2824 743 2916 dicere,
761 2821 846 2895 inde
865 2822 1015 2893 fortasse
1031 2821 1067 2892 in
1086 2819 1182 2890 hanc
1195 2833 1355 2890 mentem

309 2950 514 3024 Lucretium
538 2946 728 3021 inductum
756 2947 864 3019 luisse
886 2962 929 3017 ut
948 2961 985 3017 et
1007 2945 1084 3044 ipse
1108 2943 1269 3043 poemati
1290 2967 1357 3013 suo

309 3074 445 3171 insigne
475 3072 779 3173 splendidumque
808 3070 1008 3157 exordium,
1039 3084 1095 3160 et,
1116 3068 1145 3139 si
1169 3066 1356 3139 Pindariee

311 3197 411 3296 loqui
430 3199 550 3288 liceat,
575 3197 725 3296 τηλαυγὲς
749 3200 907 3295 πρόσωπον
931 3205 1169 3294 praeponeret.
1195 3191 1291 3279 Quin
1320 3205 1357 3262 et

309 3322 402 3394 duos
415 3321 577 3419 ejusdem
590 3321 760 3422 prooemii
769 3320 870 3392 locos
883 3318 1036 3391 latinum
1051 3330 1198 3416 poetam
1213 3338 1355 3413 expres·

309 3447 394 3519 sisse
407 3447 634 3535 crediderim,
652 3471 780 3519 currus
792 3469 923 3544 nempe
936 3442 1144 3543 praeclaram
1161 3439 1353 3537 imaginem

347 3652 390 3731 (l)
412 3651 499 3733 Diog.
513 3653 609 3714 Laert.
626 3653 662 3726 ΙΙ,
679 3654 710 3726 3,
729 3653 757 3713 8.
778 3651 873 3714 Clam.
893 3647 978 3711 Alex.
999 3647 1110 3710 strom.
1123 3646 1149 3720 l,
1165 3661 1196 3724 p.
1212 3644 1271 3705 364
1291 3638 1352 3719 (ed.

308 3744 420 3828 Oxou).
431 3747 475 3808 Ita
482 3763 605 3808 carmen
615 3745 653 3807 de
663 3745 874 3825 Astrologicis,
894 3749 973 3806 teste
984 3745 1135 3823 Diogene,
1153 3735 1267 3800 Thales
1282 3733 1355 3797 scri·

307 3847 418 3920 pserat,
436 3841 520 3905 idem
534 3840 661 3905 fortasse
676 3841 760 3922 quod
772 3840 881 3904 Suidas
895 3840 963 3922 Περὶ
974 3837 1126 3919 Μετεώρων
1141 3833 1293 3896 nominat.

347 3940 389 4020 (ἢ)
403 3938 466 4002 Cic.
483 3940 624 4020 Arcadem.
641 3939 797 4015 t.Liv.11,
814 3942 864 4002 23.

346 4037 387 4120 (3)
404 4037 491 4118 Dlog.
503 4039 601 4100 Laeti.
615 4039 665 4110 lX,
681 4042 711 4100 2.
728 4036 807 4098 Ἀλλὰ
819 4039 864 4096 καὶ
880 4035 956 4104 αὐτὸς
970 4033 1116 4119 ἓῤῥαψώδει
1128 4030 1163 4091 τὰ
1177 4031 1282 4090 ἑαυτοῦ.
1294 4025 1356 4088 Sed

306 4134 398 4216 paulo
409 4141 479 4197 ante
492 4134 604 4217 legitur
616 4135 732 4217 γέγραφε
745 4133 774 4199 δὲ
792 4135 837 4196 καὶ
851 4137 877 4194 ἐν
890 4132 979 4194 ἔπεσιν
987 4173 1043 4195 .....

346 4234 387 4316 (l)
408 4234 545 4311 Proclus,
559 4236 592 4297 ia
605 4237 689 4297 Ptot.
706 4238 848 4296 Parmen.
860 4236 896 4297 T.
913 4234 963 4309 IV,
981 4250 1013 4314 p.
1027 4234 1078 4295 62.
1096 4226 1145 4313 (V.
1162 4223 1268 4307 Cous.)
